@article{wibral2008decomposition,
  title={Decomposition of working memory-related scalp ERPs: crossvalidation of {fMRI}-constrained source analysis and ICA},
  author={Wibral, Michael and Turi, Georg and Linden, David EJ and Kaiser, Jochen and Bledowski, Christoph},
  journal={International journal of psychophysiology},
  volume={67},
  number={3},
  pages={200--211},
  year={2008},
  publisher={Elsevier}
}

@article{esposito2005independent,
  title={Independent component analysis of {fMRI} group studies by self-organizing clustering},
  author={Esposito, Fabrizio and Scarabino, Tommaso and Hyv\"arinen, Aapo and Himberg, Johan and Formisano, Elia and Comani, Silvia and Tedeschi, Gioacchino and Goebel, Rainer and Seifritz, Erich and Di Salle, Francesco},
  journal={Neuroimage},
  volume={25},
  number={1},
  pages={193--205},
  year={2005},
  publisher={Elsevier}
}
@book{nocedal2006numerical,
  title={Numerical optimization},
  author={Nocedal, Jorge and Wright, Stephen},
  year={2006},
  publisher={Springer Science \& Business Media}
}
@article{kamronn2015multiview,
  title={Multiview Bayesian correlated component analysis},
  author={Kamronn, Simon and Poulsen, Andreas Trier and Hansen, Lars Kai},
  journal={Neural computation},
  volume={27},
  number={10},
  pages={2207--2230},
  year={2015},
  publisher={MIT Press}
}

@article{pfister2019robustifying,
  title={Robustifying independent component analysis by adjusting for group-wise stationary noise},
  author={Pfister, Niklas and Weichwald, Sebastian and B{\"u}hlmann, Peter and Sch{\"o}lkopf, Bernhard},
  journal={Journal of Machine Learning Research},
  volume={20},
  number={147},
  pages={1--50},
  year={2019},
  publisher={MIT Press}
}

@inproceedings{bermond1999approximate,
  title={Approximate likelihood for noisy mixtures},
  author={Bermond, Olivier and Cardoso, Jean-Fran{\c{c}}ois},
  booktitle={Proc. ICA},
  volume={99},
  pages={325--330},
  year={1999},
  organization={Citeseer}
}

@book{erdelyi1956asymptotic,
  title={Asymptotic expansions},
  author={Erd{\'e}lyi, Arthur},
  number={3},
  year={1956},
  publisher={Courier Corporation}
}

@article{bell1995information,
  title={An information-maximization approach to blind separation and blind deconvolution},
  author={Bell, Anthony J and Sejnowski, Terrence J},
  journal={Neural computation},
  volume={7},
  number={6},
  pages={1129--1159},
  year={1995},
  publisher={MIT Press}
}

@article{cardoso1996equivariant,
  title={Equivariant adaptive source separation},
  author={Cardoso, Jean-Fran{\c{c}}ois and Laheld, Beate H},
  journal={IEEE Transactions on signal processing},
  volume={44},
  number={12},
  pages={3017--3030},
  year={1996},
  publisher={IEEE}
}

@article{hunter2007matplotlib,
  title={Matplotlib: A 2D graphics environment},
  author={Hunter, John D},
  journal={Computing in science \& engineering},
  volume={9},
  number={3},
  pages={90--95},
  year={2007},
  publisher={IEEE Computer Society}
}


@article{taylor2017cambridge,
  title={The {Cambridge Centre for Ageing and Neuroscience} ({Cam-CAN}) data repository: structural and functional {MRI}, {MEG}, and cognitive data from a cross-sectional adult lifespan sample},
  author={Taylor, Jason R and Williams, Nitin and Cusack, Rhodri and Auer, Tibor and Shafto, Meredith A and Dixon, Marie and Tyler, Lorraine K and Henson, Richard N and others},
  journal={Neuroimage},
  volume={144},
  pages={262--269},
  year={2017},
  publisher={Elsevier}
}
@inproceedings{jung1998extended,
  title={Extended ICA removes artifacts from electroencephalographic recordings},
  author={Jung, Tzyy-Ping and Humphries, Colin and Lee, Te-Won and Makeig, Scott and McKeown, Martin J and Iragui, Vicente and Sejnowski, Terrence J},
  booktitle={Advances in neural information processing systems},
  pages={894--900},
  year={1998}
}
@article{hyvarinen2013independent,
  title={Independent component analysis: recent advances},
  author={Hyv{\"a}rinen, Aapo},
  journal={Philosophical Transactions of the Royal Society A: Mathematical, Physical and Engineering Sciences},
  volume={371},
  number={1984},
  pages={20110534},
  year={2013},
  publisher={The Royal Society Publishing}
}

@article{vigario2000independent,
  title={Independent component approach to the analysis of {EEG} and {MEG} recordings},
  author={Vig{\'a}rio, Ricardo and Sarela, Jaakko and Jousmiki, Veikko and Hamalainen, Matti and Oja, Erkki},
  journal={IEEE transactions on biomedical engineering},
  volume={47},
  number={5},
  pages={589--593},
  year={2000},
  publisher={IEEE}
}

@article{petersen2005slow,
  title={On the slow convergence of {EM} and {VBEM} in low-noise linear models},
  author={Petersen, Kaare Brandt and Winther, Ole and Hansen, Lars Kai},
  journal={Neural computation},
  volume={17},
  number={9},
  pages={1921--1926},
  year={2005},
  publisher={MIT Press}
}

@article{delorme2012independent,
  title={Independent {EEG} sources are dipolar},
  author={Delorme, Arnaud and Palmer, Jason and Onton, Julie and Oostenveld, Robert and Makeig, Scott},
  journal={PloS one},
  volume={7},
  number={2},
  year={2012},
  publisher={Public Library of Science}
}

@article{sudlow2015uk,
  title={{UK} biobank: an open access resource for identifying the causes of a wide range of complex diseases of middle and old age},
  author={Sudlow, Cathie and Gallacher, John and Allen, Naomi and Beral, Valerie and Burton, Paul and Danesh, John and Downey, Paul and Elliott, Paul and Green, Jane and Landray, Martin and others},
  journal={PLoS medicine},
  volume={12},
  number={3},
  year={2015},
  publisher={Public Library of Science}
}

@inproceedings{amari1996new,
  title={A new learning algorithm for blind signal separation},
  author={Amari, Shun-ichi and Cichocki, Andrzej and Yang, Howard H},
  booktitle={Advances in neural information processing systems},
  pages={757--763},
  year={1996}
}
@article{gramfort2013meg,
  title={{MEG} and {EEG} data analysis with {MNE-Python}},
  author={Gramfort, Alexandre and Luessi, Martin and Larson, Eric and Engemann, Denis A and Strohmeier, Daniel and Brodbeck, Christian and Goj, Roman and Jas, Mainak and Brooks, Teon and Parkkonen, Lauri and others},
  journal={Frontiers in neuroscience},
  volume={7},
  pages={267},
  year={2013},
  publisher={Frontiers}
}

@article{cardoso1998blind,
  title={Blind signal separation: statistical principles},
  author={Cardoso, Jean-Fran{\c{c}}ois},
  journal={Proceedings of the IEEE},
  volume={86},
  number={10},
  pages={2009--2025},
  year={1998},
  publisher={IEEE}
}


@article{nugent2015group,
  title={Group differences in MEG-ICA derived resting state networks: application to major depressive disorder},
  author={Nugent, Allison C and Robinson, Stephen E and Coppola, Richard and Furey, Maura L and Zarate Jr, Carlos A},
  journal={Neuroimage},
  volume={118},
  pages={1--12},
  year={2015},
  publisher={Elsevier}
}

@article{guo2008unified,
  title={A unified framework for group independent component analysis for multi-subject {fMRI} data},
  author={Guo, Ying and Pagnoni, Giuseppe},
  journal={NeuroImage},
  volume={42},
  number={3},
  pages={1078--1093},
  year={2008},
  publisher={Elsevier}
}

@article{pedregosa2011scikit,
  title={Scikit-learn: {Machine} learning in {Python}},
  author={Pedregosa, Fabian and Varoquaux, Ga{\"e}l and Gramfort, Alexandre and Michel, Vincent and Thirion, Bertrand and Grisel, Olivier and Blondel, Mathieu and Prettenhofer, Peter and Weiss, Ron and Dubourg, Vincent and others},
  journal={the Journal of machine Learning research},
  volume={12},
  pages={2825--2830},
  year={2011},
  publisher={JMLR. org}
}

@inproceedings{zibulevsky2003blind,
  title={Blind source separation with relative newton method},
  author={Zibulevsky, Michael},
  booktitle={Proc. ICA},
  volume={2003},
  pages={897--902},
  year={2003}
}

@article{cardoso1997infomax,
  title={Infomax and maximum likelihood for blind source separation},
  author={Cardoso, Jean-Fran{\c{c}}ois},
  journal={IEEE Signal processing letters},
  volume={4},
  number={4},
  pages={112--114},
  year={1997},
  publisher={IEEE}
}

@inproceedings{moulines1997maximum,
  title={Maximum likelihood for blind separation and deconvolution of noisy signals using mixture models},
  author={Moulines, Eric and Cardoso, Jean-Fran{c{c}}ois and Gassiat, Elisabeth},
  booktitle={1997 ieee international conference on acoustics, speech, and signal processing},
  volume={5},
  pages={3617--3620},
  year={1997},
  organization={{IEEE}}
}

@article{hyvarinen1998independent,
  title={Independent component analysis in the presence of gaussian noise by maximizing joint likelihood},
  author={Hyv{\"a}rinen, Aapo},
  journal={Neurocomputing},
  volume={22},
  number={1-3},
  pages={49--67},
  year={1998},
  publisher={Elsevier}
}

@article{zhang2016searchlight,
  title={A searchlight factor model approach for locating shared information in multi-subject {fMRI} analysis},
  author={Zhang, Hejia and Chen, Po-Hsuan and Chen, Janice and Zhu, Xia and Turek, Javier S and Willke, Theodore L and Hasson, Uri and Ramadge, Peter J},
  journal={arXiv preprint arXiv:1609.09432},
  year={2016}
}

@article{lee2008independent,
  title={Independent vector analysis ({IVA}): multivariate approach for {fMRI} group study},
  author={Lee, Jong-Hwan and Lee, Te-Won and Jolesz, Ferenc A and Yoo, Seung-Schik},
  journal={Neuroimage},
  volume={40},
  number={1},
  pages={86--109},
  year={2008},
  publisher={Elsevier}
}

@article{zhang2008minimal,
  title={Minimal nonlinear distortion principle for nonlinear independent component analysis},
  author={Zhang, Kun and Chan, Laiwan},
  journal={Journal of Machine Learning Research},
  volume={9},
  number={Nov},
  pages={2455--2487},
  year={2008}
}

@article{khemakhem2019variational,
  title={Variational Autoencoders and Nonlinear {ICA}: A Unifying Framework},
  author={Khemakhem, Ilyes and Kingma, Diederik P and Hyv{\"a}rinen, Aapo},
  journal={arXiv preprint arXiv:1907.04809},
  year={2019}
}

@inproceedings{watter2015embed,
  title={Embed to control: A locally linear latent dynamics model for control from raw images},
  author={Watter, Manuel and Springenberg, Jost and Boedecker, Joschka and Riedmiller, Martin},
  booktitle={Advances in neural information processing systems},
  pages={2746--2754},
  year={2015}
}

@inproceedings{jensen2019object,
              title={Object Conditioning for Causal Inference},
              author={Jensen, David and Burroni, Javier and Rattigan, Matthew},
              booktitle={Proceedings of the Thirty-Fifth Conference on Uncertainty in Artificial
               Intelligence, {UAI} 2019, Tel Aviv, Israel, July 22-25, 2019},
              year={2019}
   }

@inproceedings{gutmann2011extracting,
  title={Extracting coactivated features from multiple data sets},
  author={Gutmann, Michael U and Hyv{\"a}rinen, Aapo},
  booktitle={International Conference on Artificial Neural Networks},
  pages={323--330},
  year={2011},
  organization={Springer}
}

@inproceedings{karhunen2012generalized,
  title={A generalized canonical correlation analysis based method for blind source separation from related data sets},
  author={Karhunen, Juha and Hao, Tele and Ylipaavalniemi, Jarkko},
  booktitle={the 2012 International Joint Conference on Neural Networks (IJCNN)},
  pages={1--9},
  year={2012},
  organization={IEEE}
}

@book{devroye2013probabilistic,
  title={A probabilistic theory of pattern recognition},
  author={Devroye, Luc and Gy{\"o}rfi, L{\'a}szl{\'o} and Lugosi, G{\'a}bor},
  volume={31},
  year={2013},
  publisher={Springer Science \& Business Media}
}

@book{angrist_mostly_2008,
  added-at = {2014-11-20T12:13:56.000+0100},
  author = {Angrist, Joshua D. and Pischke, J\"orn-Steffen},
  biburl = {https://www.bibsonomy.org/bibtex/2bad3c0e83619dbdc442142ce714e5529/rlipp},
  interhash = {6d41194af2b0685c2adb94316d607d56},
  intrahash = {bad3c0e83619dbdc442142ce714e5529},
  isbn = {0691120358},
  keywords = {imported},
  month = dec,
  publisher = {Princeton University Press},
  shorttitle = {Mostly Harmless Econometrics},
  timestamp = {2014-11-20T12:13:56.000+0100},
  title = {Mostly Harmless Econometrics: An Empiricist's Companion},
  year = 2008
} 

@article{yeshurun2017same,
  title={Same story, different story: the neural representation of interpretive frameworks},
  author={Yeshurun, Yaara and Swanson, Stephen and Simony, Erez and Chen, Janice and Lazaridi, Christina and Honey, Christopher J and Hasson, Uri},
  journal={Psychological science},
  volume={28},
  number={3},
  pages={307--319},
  year={2017},
  publisher={SAGE Publications Sage CA: Los Angeles, CA}
}

@article{thomas2018disentangling,
  title={Disentangling the independently controllable factors of variation by interacting with the world},
  author={Thomas, Valentin and Bengio, Emmanuel and Fedus, William and Pondard, Jules and Beaudoin, Philippe and Larochelle, Hugo and Pineau, Joelle and Precup, Doina and Bengio, Yoshua},
  journal={arXiv preprint arXiv:1802.09484},
  year={2018}
}

@article{jonschkowski2015learning,
  title={Learning state representations with robotic priors},
  author={Jonschkowski, Rico and Brock, Oliver},
  journal={Autonomous Robots},
  volume={39},
  number={3},
  pages={407--428},
  year={2015},
  publisher={Springer}
}

@inproceedings{frosini2016towards,
  title={Towards an Observer-oriented Theory of Shape Comparison.},
  author={Frosini, Patrizio}
}

@article{daubechies2009independent,
  title={Independent component analysis for brain {fMRI} does not select for independence},
  author={Daubechies, I and Roussos, E and Takerkart, S and Benharrosh, M and Golden, C and D'ardenne, K and Richter, W and Cohen, Jonathan D and Haxby, J},
  journal={Proceedings of the National Academy of Sciences},
  volume={106},
  number={26},
  pages={10415--10422},
  year={2009},
  publisher={National Acad Sciences}
}

@article{calhoun2009review, title={A review of group {ICA} for {fMRI} data and {ICA} for joint inference of imaging, genetic, and ERP data}, author={Calhoun, Vince D and Liu, Jingyu and Adal{\i}, T{\"u}lay}, journal={Neuroimage}, volume={45}, number={1}, pages={S163--S172}, year={2009}, publisher={Elsevier} }

@InProceedings{pmlr-v84-besserve18a,
  title = 	 {Group invariance principles for causal generative models},
  author = 	 {Michel Besserve and Naji Shajarisales and Bernhard Schölkopf and Dominik Janzing},
  booktitle = 	 {Proceedings of the Twenty-First International Conference on Artificial Intelligence and Statistics},
  pages = 	 {557--565},
  year = 	 {2018},
  editor = 	 {Amos Storkey and Fernando Perez-Cruz},
  volume = 	 {84},
  series = 	 {Proceedings of Machine Learning Research},
  address = 	 {Playa Blanca, Lanzarote, Canary Islands},
  month = 	 {09--11 Apr},
  publisher = 	 {PMLR},
  pdf = 	 {http://proceedings.mlr.press/v84/besserve18a/besserve18a.pdf},
  url = 	 {http://proceedings.mlr.press/v84/besserve18a.html},
  abstract = 	 {The postulate of independence of cause and mechanism (ICM) has recently led to several new causal discovery algorithms. The interpretation of independence and the way it is utilized, however, varies across these methods. Our aim in this paper is to propose a group theoretic framework for ICM to unify and generalize these approaches. In our setting, the cause-mechanism relationship is assessed by perturbing it with random group transformations. We show that the group theoretic view encompasses previous ICM approaches and provides a very general tool to study the structure of data generating mechanisms with direct applications to machine learning.}
}

@article{pascual2002standardized,
  title={Standardized low-resolution brain electromagnetic tomography ({sLORETA}): technical details},
  author={Pascual-Marqui, Roberto Domingo and others},
  journal={Methods Find Exp Clin Pharmacol},
  volume={24},
  number={Suppl D},
  pages={5--12},
  year={2002}
}

@article{Janzing:2012:IAI:2169485.2170008,
 author = {Janzing, Dominik and Mooij, Joris and Zhang, Kun and Lemeire, Jan and Zscheischler, Jakob and Daniu\v{s}is, Povilas and Steudel, Bastian and Sch\"{o}lkopf, Bernhard},
 title = {Information-geometric Approach to Inferring Causal Directions},
 journal = {Artif. Intell.},
 issue_date = {May, 2012},
 volume = {182-183},
 month = may,
 year = {2012},
 issn = {0004-3702},
 pages = {1--31},
 numpages = {31},
 url = {http://dx.doi.org/10.1016/j.artint.2012.01.002},
 doi = {10.1016/j.artint.2012.01.002},
 acmid = {2170008},
 publisher = {Elsevier Science Publishers Ltd.},
 address = {Essex, UK},
 keywords = {Cause-effect pairs, Deterministic causal relations, Pythagorean triple},
} 

@inproceedings{pajunen1997maximum,
  title={A maximum likelihood approach to nonlinear blind source separation},
  author={Pajunen, Petteri and Karhunen, Juha},
  booktitle={International Conference on Artificial Neural Networks},
  pages={541--546},
  year={1997},
  organization={Springer}
}

@article{bishop1998gtm,
  title={GTM: The generative topographic mapping},
  author={Bishop, Christopher M and Svens{\'e}n, Markus and Williams, Christopher KI},
  journal={Neural computation},
  volume={10},
  number={1},
  pages={215--234},
  year={1998},
  publisher={MIT Press}
}

@inproceedings{pajunen1996nonlinear,
  title={Nonlinear blind source separation by self-organizing maps},
  author={Pajunen, Petteri and Hyv{\"a}rinen, Aapo and Karhunen, Juha},
  booktitle={In Proc. Int. Conf. on Neural Information Processing},
  year={1996},
  organization={Citeseer}
}

@article{bergomi2018towards,
  title={Towards a topological-geometrical theory of group equivariant non-expansive operators for data analysis and machine learning},
  author={Bergomi, Mattia G and Frosini, Patrizio and Giorgi, Daniela and Quercioli, Nicola},
  journal={arXiv preprint arXiv:1812.11832},
  year={2018}
}

@article{wang2016deep,
  title={Deep variational canonical correlation analysis},
  author={Wang, Weiran and Yan, Xinchen and Lee, Honglak and Livescu, Karen},
  journal={arXiv preprint arXiv:1610.03454},
  year={2016}
}

@article{scholkopf2016modeling,
  title={Modeling confounding by half-sibling regression},
  author={Sch{\"o}lkopf, Bernhard and Hogg, David W and Wang, Dun and Foreman-Mackey, Daniel and Janzing, Dominik and Simon-Gabriel, Carl-Johann and Peters, Jonas},
  journal={Proceedings of the National Academy of Sciences},
  volume={113},
  number={27},
  pages={7391--7398},
  year={2016},
  publisher={National Acad Sciences}
}

@article{pfister2018robustifying,
  title={Robustifying Independent Component Analysis by Adjusting for Group-Wise Stationary Noise},
  author={Pfister, Niklas and Weichwald, Sebastian and B{\"u}hlmann, Peter and Sch{\"o}lkopf, Bernhard},
  journal={arXiv preprint arXiv:1806.01094},
  year={2018}
}

@inproceedings{chen2018neural,
  title={Neural ordinary differential equations},
  author={Chen, Tian Qi and Rubanova, Yulia and Bettencourt, Jesse and Duvenaud, David K},
  booktitle={Advances in Neural Information Processing Systems},
  pages={6572--6583},
  year={2018}
}

@article{rezende2015variational,
  title={Variational inference with normalizing flows},
  author={Rezende, Danilo Jimenez and Mohamed, Shakir},
  journal={arXiv preprint arXiv:1505.05770},
  year={2015}
}

@inproceedings{gutmann2010noise,
  title={Noise-contrastive estimation: A new estimation principle for unnormalized statistical models},
  author={Gutmann, Michael and Hyv{\"a}rinen, Aapo},
  booktitle={Proceedings of the Thirteenth International Conference on Artificial Intelligence and Statistics},
  pages={297--304},
  year={2010}
}

@article{anandkumar2014tensor,
  title={Tensor decompositions for learning latent variable models},
  author={Anandkumar, Animashree and Ge, Rong and Hsu, Daniel and Kakade, Sham M and Telgarsky, Matus},
  journal={The Journal of Machine Learning Research},
  volume={15},
  number={1},
  pages={2773--2832},
  year={2014},
  publisher={JMLR. org}
}


@inproceedings{hyvarinen2016unsupervised,
  title={Unsupervised feature extraction by time-contrastive learning and nonlinear {ICA}},
  author={Hyvarinen, Aapo and Morioka, Hiroshi},
  booktitle={Advances in Neural Information Processing Systems},
  pages={3765--3773},
  year={2016}
}


@inproceedings{hyvarinen2017nonlinear,
  title={Nonlinear {ICA} of temporally dependent stationary sources},
  author={Hyv{\"a}rinen, Aapo and Morioka, Hiroshi},
  year={2017},
  organization={Proceedings of Machine Learning Research},
  volume = 54
}


@article{skitovich1954linear,
  title={Linear forms of independent random variables and the normal distribution law},
  author={Skitovich, Viktor Pavlovich},
  journal={Izvestiya Rossiiskoi Akademii Nauk. Seriya Matematicheskaya},
  volume={18},
  number={2},
  pages={185--200},
  year={1954},
  publisher={Russian Academy of Sciences, Steklov Mathematical Institute of Russian~…}
}

@article{darmois1953analyse,
  title={Analyse g{\'e}n{\'e}rale des liaisons stochastiques: etude particuli{\`e}re de l'analyse factorielle lin{\'e}aire},
  author={Darmois, George},
  journal={Revue de l'Institut international de statistique},
  pages={2--8},
  year={1953},
  publisher={JSTOR}
}



@book{friedman2001elements,
  title={The elements of statistical learning},
  author={Friedman, Jerome and Hastie, Trevor and Tibshirani, Robert},
  volume={1},
  number={10},
  year={2001},
  publisher={Springer series in statistics New York}
}

@article{hyvarinen1999nonlinear,
  title={Nonlinear independent component analysis: Existence and uniqueness results},
  author={Hyv{\"a}rinen, Aapo and Pajunen, Petteri},
  journal={Neural Networks},
  volume={12},
  number={3},
  pages={429--439},
  year={1999},
  publisher={Elsevier}
}


@article{hyvarinen2018nonlinear,
  title={Nonlinear {ICA} Using Auxiliary Variables and Generalized Contrastive Learning},
  author={Hyv{\"a}rinen, Aapo and Sasaki, Hiroaki and Turner, Richard E},
  journal={arXiv preprint arXiv:1805.08651},
  year={2018}
}

@article{fosel2018reinforcement,
  title={Reinforcement Learning with Neural Networks for Quantum Feedback},
  author={F{\"o}sel, Thomas and Tighineanu, Petru and Weiss, Talitha and Marquardt, Florian},
  journal={arXiv preprint arXiv:1802.05267},
  year={2018}
}

@techreport{bach2005probabilistic,
  title={A probabilistic interpretation of canonical correlation analysis},
  author={Bach, Francis R and Jordan, Michael I},
  year={2005},
  institution={University of California}
}

@inproceedings{zhang2009identifiability,
  title={On the identifiability of the post-nonlinear causal model},
  author={Zhang, Kun and Hyv{\"a}rinen, Aapo},
  booktitle={Proceedings of the twenty-fifth conference on uncertainty in artificial intelligence},
  pages={647--655},
  year={2009},
  organization={AUAI Press}
}

@article{achard2005identifiability,
  title={Identifiability of post-nonlinear mixtures},
  author={Achard, Sophie and Jutten, Christian},
  journal={IEEE Signal Processing Letters},
  volume={12},
  number={5},
  pages={423--426},
  year={2005},
  publisher={IEEE}
}

@book{bishop2006pattern,
  title={Pattern recognition and machine learning},
  author={Bishop, Christopher M},
  year={2006},
  publisher={springer}
}

@article{smith2014group,
  title={Group-PCA for very large {fMRI} datasets},
  author={Smith, Stephen M and Hyv{\"a}rinen, Aapo and Varoquaux, Ga{\"e}l and Miller, Karla L and Beckmann, Christian F},
  journal={Neuroimage},
  volume={101},
  pages={738--749},
  year={2014},
  publisher={Elsevier}
}

@incollection{hotelling1992relations,
  title={Relations between two sets of variates},
  author={Hotelling, Harold},
  booktitle={Breakthroughs in statistics},
  pages={162--190},
  year={1992},
  publisher={Springer}
}

@article{shafto2014cambridge,
  title={The Cambridge Centre for Ageing and Neuroscience (Cam-CAN) study protocol: a cross-sectional, lifespan, multidisciplinary examination of healthy cognitive ageing},
  author={Shafto, Meredith A and Tyler, Lorraine K and Dixon, Marie and Taylor, Jason R and Rowe, James B and Cusack, Rhodri and Calder, Andrew J and Marslen-Wilson, William D and Duncan, John and Dalgleish, Tim and others},
  journal={BMC neurology},
  volume={14},
  number={1},
  pages={204},
  year={2014},
  publisher={BioMed Central}
}


@article{van2013wu,
  title={The {WU-Minn} human connectome project: an overview},
  author={Van Essen, David C and Smith, Stephen M and Barch, Deanna M and Behrens, Timothy EJ and Yacoub, Essa and Ugurbil, Kamil and Wu-Minn HCP Consortium and others},
  journal={Neuroimage},
  volume={80},
  pages={62--79},
  year={2013},
  publisher={Elsevier}
}

@article{miller2016multimodal,
  title={Multimodal population brain imaging in the UK Biobank prospective epidemiological study},
  author={Miller, Karla L and Alfaro-Almagro, Fidel and Bangerter, Neal K and Thomas, David L and Yacoub, Essa and Xu, Junqian and Bartsch, Andreas J and Jbabdi, Saad and Sotiropoulos, Stamatios N and Andersson, Jesper LR and others},
  journal={Nature neuroscience},
  volume={19},
  number={11},
  pages={1523},
  year={2016},
  publisher={Nature Publishing Group}
}

@article{taleb1999source,
  title={Source separation in post-nonlinear mixtures},
  author={Taleb, Anisse and Jutten, Christian},
  journal={IEEE Transactions on signal Processing},
  volume={47},
  number={10},
  pages={2807--2820},
  year={1999},
  publisher={IEEE}
}

@article{friston1994statistical,
  title={Statistical parametric maps in functional imaging: a general linear approach},
  author={Friston, Karl J and Holmes, Andrew P and Worsley, Keith J and Poline, J-P and Frith, Chris D and Frackowiak, Richard SJ},
  journal={Human brain mapping},
  volume={2},
  number={4},
  pages={189--210},
  year={1994},
  publisher={Wiley Online Library}
}

@article{allen2012uk,
  title={UK Biobank: Current status and what it means for epidemiology},
  author={Allen, Naomi and Sudlow, Cathie and Downey, Paul and Peakman, Tim and Danesh, John and Elliott, Paul and Gallacher, John and Green, Jane and Matthews, Paul and Pell, Jill and others},
  journal={Health Policy and Technology},
  volume={1},
  number={3},
  pages={123--126},
  year={2012},
  publisher={Elsevier}
}

@article{poline2012general,
  title={The general linear model and {fMRI}: does love last forever?},
  author={Poline, Jean-Baptiste and Brett, Matthew},
  journal={Neuroimage},
  volume={62},
  number={2},
  pages={871--880},
  year={2012},
  publisher={Elsevier}
}

@inproceedings{cardoso2001three,
  title={The three easy routes to independent component analysis; contrasts and geometry},
  author={Cardoso, Jean-Fran{\c{c}}ois},
  booktitle={Proc. ICA},
  volume={2001},
  year={2001}
}

@inproceedings{sawada2003direction,
  title={Direction of arrival estimation for multiple source signals using independent component analysis},
  author={Sawada, Hiroshi and Mukai, Ryo and Makino, Shoji},
  booktitle={Seventh International Symposium on Signal Processing and Its Applications, 2003. Proceedings.},
  volume={2},
  pages={411--414},
  year={2003},
  organization={IEEE}
}

@article{nuzillard2000blind,
  title={Blind source separation and analysis of multispectral astronomical images},
  author={Nuzillard, Danielle and Bijaoui, Albert},
  journal={Astronomy and Astrophysics Supplement Series},
  volume={147},
  number={1},
  pages={129--138},
  year={2000},
  publisher={EDP Sciences}
}

@article{mckeown1998independent,
  title={Independent component analysis of {fMRI} data: examining the assumptions},
  author={McKeown, Martin J and Sejnowski, Terrence J},
  journal={Human brain mapping},
  volume={6},
  number={5-6},
  pages={368--372},
  year={1998},
  publisher={Wiley Online Library}
}

@inproceedings{oja2000independent,
  title={Independent component analysis for financial time series},
  author={Oja, Erkki and Kiviluoto, Kimmo and Malaroiu, Simona},
  booktitle={Proceedings of the IEEE 2000 Adaptive Systems for Signal Processing, Communications, and Control Symposium (Cat. No. 00EX373)},
  pages={111--116},
  year={2000},
  organization={IEEE}
}

@inproceedings{bingham2002ica,
  title={{ICA} and {SOM} in text document analysis},
  author={Bingham, Ella and Kuusisto, Jukka and Lagus, Krista},
  booktitle={Proceedings of the 25th annual international ACM SIGIR conference on Research and development in information retrieval},
  pages={361--362},
  year={2002},
  organization={ACM}
}

@article{biessmann2010temporal,
  title={Temporal kernel CCA and its application in multimodal neuronal data analysis},
  author={Bie{\ss}mann, Felix and Meinecke, Frank C and Gretton, Arthur and Rauch, Alexander and Rainer, Gregor and Logothetis, Nikos K and M{\"u}ller, Klaus-Robert},
  journal={Machine Learning},
  volume={79},
  number={1-2},
  pages={5--27},
  year={2010},
  publisher={Springer}
}

@book{vapnik2013nature,
  title={The nature of statistical learning theory},
  author={Vapnik, Vladimir},
  year={2013},
  publisher={Springer science \& business media}
}


@article{hyvarinen2000independent,
  title={Independent component analysis: algorithms and applications},
  author={Hyv{\"a}rinen, Aapo and Oja, Erkki},
  journal={Neural networks},
  volume={13},
  number={4-5},
  pages={411--430},
  year={2000},
  publisher={Elsevier}
}

@article{wang2018finding,
  title={Finding the needle in high-dimensional haystack: A tutorial on canonical correlation analysis},
  author={Wang, Hao-Ting and Smallwood, Jonathan and Mourao-Miranda, Janaina and Xia, Cedric Huchuan and Satterthwaite, Theodore D and Bassett, Danielle S and Bzdok, Danilo},
  journal={arXiv preprint arXiv:1812.02598},
  year={2018}
}
@article{hyvarinen1999fast,
  title={Fast and robust fixed-point algorithms for independent component analysis},
  author={Hyvarinen, Aapo},
  journal={IEEE transactions on Neural Networks},
  volume={10},
  number={3},
  pages={626--634},
  year={1999},
  publisher={IEEE}
}

@InProceedings{pmlr-v54-hyvarinen17a,
  title = 	 {{Nonlinear {ICA} of Temporally Dependent Stationary Sources}},
  author = 	 {Aapo Hyv{\"a}rinen and Hiroshi Morioka},
  booktitle = 	 {Proceedings of the 20th International Conference on Artificial Intelligence and Statistics},
  pages = 	 {460--469},
  year = 	 {2017},
  editor = 	 {Aarti Singh and Jerry Zhu},
  volume = 	 {54},
  series = 	 {Proceedings of Machine Learning Research},
  address = 	 {Fort Lauderdale, FL, USA},
  month = 	 {20--22 Apr},
  publisher = 	 {PMLR}
}

@article{song2013nonparametric,
  title={Nonparametric estimation of multi-view latent variable models},
  author={Song, Le and Anandkumar, Animashree and Dai, Bo and Xie, Bo},
  journal={arXiv preprint arXiv:1311.3287},
  year={2013}
}

@article{fukumizu2007statistical,
  title={Statistical consistency of kernel canonical correlation analysis},
  author={Fukumizu, Kenji and Bach, Francis R and Gretton, Arthur},
  journal={Journal of Machine Learning Research},
  volume={8},
  number={Feb},
  pages={361--383},
  year={2007}
}


@article{lai2000kernel,
  title={Kernel and nonlinear canonical correlation analysis},
  author={Lai, Pei Ling and Fyfe, Colin},
  journal={International Journal of Neural Systems},
  volume={10},
  number={05},
  pages={365--377},
  year={2000},
  publisher={World Scientific}
}

@inproceedings{andrew2013deep,
  title={Deep canonical correlation analysis},
  author={Andrew, Galen and Arora, Raman and Bilmes, Jeff and Livescu, Karen},
  booktitle={International conference on machine learning},
  pages={1247--1255},
  year={2013}
}

@article{stoodley2010{fMRI},
  title={An {fMRI} study of intra-individual functional topography in the human cerebellum},
  author={Stoodley, Catherine J and Valera, Eve M and Schmahmann, Jeremy D},
  journal={Behavioural neurology},
  volume={23},
  number={1, 2},
  pages={65--79},
  year={2010},
  publisher={IOS Press}
}



@article{manning2018probabilistic,
  title={A probabilistic approach to discovering dynamic full-brain functional connectivity patterns},
  author={Manning, Jeremy R and Zhu, Xia and Willke, Theodore L and Ranganath, Rajesh and Stachenfeld, Kimberly and Hasson, Uri and Blei, David M and Norman, Kenneth A},
  journal={NeuroImage},
  volume={180},
  pages={243--252},
  year={2018},
  publisher={Elsevier}
}

@inproceedings{noroozi2016unsupervised,
  title={Unsupervised learning of visual representations by solving jigsaw puzzles},
  author={Noroozi, Mehdi and Favaro, Paolo},
  booktitle={European Conference on Computer Vision},
  pages={69--84},
  year={2016},
  organization={Springer}
}

@inproceedings{gresele2019incomplete,
  author    = {Luigi Gresele and
               Paul K. Rubenstein and
               Arash Mehrjou and
               Francesco Locatello and
               Bernhard Sch{\"{o}}lkopf},
  title     = {The Incomplete Rosetta Stone problem: Identifiability results for
               Multi-view Nonlinear {ICA}},
  booktitle = {Proceedings of the Thirty-Fifth Conference on Uncertainty in Artificial
               Intelligence, {UAI} 2019, Tel Aviv, Israel, July 22-25, 2019},
  pages     = {53},
  year      = {2019},
  crossref  = {DBLP:conf/uai/2019},
  url       = {http://auai.org/uai2019/proceedings/papers/53.pdf},
  timestamp = {Fri, 19 Jul 2019 13:05:12 +0200},
  biburl    = {https://dblp.org/rec/bib/conf/uai/GreseleRMLS19},
  bibsource = {dblp computer science bibliography, https://dblp.org}
}

@proceedings{DBLP:conf/uai/2019,
  editor    = {Amir Globerson and
               Ricardo Silva},
  title     = {Proceedings of the Thirty-Fifth Conference on Uncertainty in Artificial
               Intelligence, {UAI} 2019, Tel Aviv, Israel, July 22-25, 2019},
  publisher = {{AUAI} Press},
  year      = {2018},
  url       = {http://auai.org/uai2019/accepted.php},
  timestamp = {Fri, 19 Jul 2019 13:03:50 +0200},
  biburl    = {https://dblp.org/rec/bib/conf/uai/2019},
  bibsource = {dblp computer science bibliography, https://dblp.org}
}

@article{calhoun2013independent,
  title={Independent component analysis for brain {fMRI} does indeed select for maximal independence},
  author={Calhoun, Vince D and Potluru, Vamsi K and Phlypo, Ronald and Silva, Rogers F and Pearlmutter, Barak A and Caprihan, Arvind and Plis, Sergey M and Adal{\i}, T{\"u}lay},
  journal={PloS one},
  volume={8},
  number={8},
  pages={e73309},
  year={2013},
  publisher={Public Library of Science}
}

@inproceedings{chen2015reduced,
  title={A reduced-dimension {fMRI} shared response model},
  author={Chen, Po-Hsuan and Chen, Janice and Yeshurun, Yaara and Hasson, Uri and Haxby, James and Ramadge, Peter J},
  booktitle={Advances in Neural Information Processing Systems},
  pages={460--468},
  year={2015}
}

@book{greenberg2010language,
  title={Language universals: With special reference to feature hierarchies},
  author={Greenberg, Joseph H},
  year={2010},
  publisher={Walter de Gruyter}
}

@article{jacobsen2018revnet,
  title={i-revnet: Deep invertible networks},
  author={Jacobsen, J{\"o}rn-Henrik and Smeulders, Arnold and Oyallon, Edouard},
  journal={arXiv preprint arXiv:1802.07088},
  year={2018}
}

@article{weaver1955translation,
  title={Translation},
  author={Weaver, Warren},
  journal={Machine translation of languages},
  volume={14},
  pages={15--23},
  year={1955},
  publisher={Cambridge: Technology Press, MIT}
}

@inproceedings{goodfellow2014generative,
  title={Generative adversarial nets},
  author={Goodfellow, Ian and Pouget-Abadie, Jean and Mirza, Mehdi and Xu, Bing and Warde-Farley, David and Ozair, Sherjil and Courville, Aaron and Bengio, Yoshua},
  booktitle={Advances in neural information processing systems},
  pages={2672--2680},
  year={2014}
}

@article{guntupalli2018computational,
  title={A computational model of shared fine-scale structure in the human connectome},
  author={Guntupalli, J Swaroop and Feilong, Ma and Haxby, James V},
  journal={PLoS computational biology},
  volume={14},
  number={4},
  pages={e1006120},
  year={2018},
  publisher={Public Library of Science}
}

@article {Nastase741975,
	author = {Nastase, Samuel A and Liu, Yun-Fei and Hillman, Hanna and Norman, Kenneth A. and Hasson, Uri},
	title = {Leveraging shared connectivity to aggregate heterogeneous datasets into a common response space},
	elocation-id = {741975},
	year = {2019},
	doi = {10.1101/741975},
	publisher = {Cold Spring Harbor Laboratory},
	URL = {https://www.biorxiv.org/content/early/2019/08/21/741975},
	eprint = {https://www.biorxiv.org/content/early/2019/08/21/741975.full.pdf},
	journal = {bioRxiv}
}

@article{chen2017shared,
  title={Shared memories reveal shared structure in neural activity across individuals},
  author={Chen, Janice and Leong, Yuan C and Honey, Christopher J and Yong, Chung H and Norman, Kenneth A and Hasson, Uri},
  journal={Nature neuroscience},
  volume={20},
  number={1},
  pages={115--125},
  year={2017},
  publisher={Nature Publishing Group}
}

@article{mckeownIndependentComponentAnalysis2003,
  title = {Independent Component Analysis of Functional {{MRI}}: What Is Signal and What Is Noise?},
  shorttitle = {Independent Component Analysis of Functional {{MRI}}},
  author = {McKeown, Martin J and Hansen, Lars K and Sejnowski, Terrence J},
  year = {2003},
  month = oct,
  volume = {13},
  pages = {620--629},
  issn = {0959-4388},
  abstract = {Many sources of fluctuation contribute to the functional magnetic resonance imaging ({fMRI}) signal, complicating attempts to infer those changes that are truly related to brain activation. Unlike methods of analysis of {fMRI} data that test the time course of each voxel against a hypothesized waveform, data-driven methods, such as independent component analysis and clustering, attempt to find common features within the data. This exploratory approach can be revealing when the brain activation is difficult to predict beforehand, such as with complex stimuli and internal shifts of activation that are not time-locked to an easily specified sensory or motor event. These methods can be further improved by incorporating prior knowledge regarding the temporal and spatial extent of brain activation.},
  journal = {Current opinion in neurobiology},
  number = {5},
  pmcid = {PMC2925426},
  pmid = {14630228}
}


@article{beckmann2004probabilistic,
  title={Probabilistic independent component analysis for functional magnetic resonance imaging},
  author={Beckmann, Christian F and Smith, Stephen M},
  journal={IEEE transactions on medical imaging},
  volume={23},
  number={2},
  pages={137--152},
  year={2004},
  publisher={IEEE}
}

@article{calhoun2001method,
  title={A method for making group inferences from functional {MRI} data using independent component analysis},
  author={Calhoun, Vince D and Adali, T{\"u}lay and Pearlson, Godfrey D and Pekar, James J},
  journal={Human brain mapping},
  volume={14},
  number={3},
  pages={140--151},
  year={2001},
  publisher={Wiley Online Library}
}
@article{svensen2002ica,
  title={{ICA} of {fMRI} group study data},
  author={Svens{\'e}n, Markus and Kruggel, Frithjof and Benali, Habib},
  journal={NeuroImage},
  volume={16},
  number={3},
  pages={551--563},
  year={2002},
  publisher={Elsevier}
}

@article{beckmann2005tensorial,
  title={Tensorial extensions of independent component analysis for multisubject {fMRI} analysis},
  author={Beckmann, Christian F and Smith, Stephen M},
  journal={Neuroimage},
  volume={25},
  number={1},
  pages={294--311},
  year={2005},
  publisher={Elsevier}
}

@article{tichavsky2004optimal,
  title={Optimal pairing of signal components separated by blind techniques},
  author={Tichavsky, Petr and Koldovsky, Zbynek},
  journal={IEEE Signal Processing Letters},
  volume={11},
  number={2},
  pages={119--122},
  year={2004},
  publisher={IEEE}
}

@article{gutmann2014spatio,
  title={Spatio-chromatic adaptation via higher-order canonical correlation analysis of natural images},
  author={Gutmann, Michael U and Laparra, Valero and Hyv{\"a}rinen, Aapo and Malo, Jesus},
  journal={PloS one},
  volume={9},
  number={2},
  year={2014},
  publisher={Public Library of Science}
}

@article{harshman1994parafac,
  title={PARAFAC: Parallel factor analysis},
  author={Harshman, Richard A and Lundy, Margaret E},
  journal={Computational Statistics \& Data Analysis},
  volume={18},
  number={1},
  pages={39--72},
  year={1994},
  publisher={Elsevier}
}

@article{chen2016convolutional,
  title={A convolutional autoencoder for multi-subject {fMRI} data aggregation},
  author={Chen, Po-Hsuan and Zhu, Xia and Zhang, Hejia and Turek, Javier S and Chen, Janice and Willke, Theodore L and Hasson, Uri and Ramadge, Peter J},
  journal={arXiv preprint arXiv:1608.04846},
  year={2016}
}

@article{varoquaux2009canica,
  title={Can{ICA}: Model-based extraction of reproducible group-level ICA patterns from {fMRI} time series},
  author={Varoquaux, Ga{\"e}l and Sadaghiani, Sepideh and Poline, Jean-Baptiste and Thirion, Bertrand},
  journal={arXiv preprint arXiv:0911.4650},
  year={2009}
}

@article{eloyan2013likelihood,
  title={Likelihood-based population independent component analysis},
  author={Eloyan, Ani and Crainiceanu, Ciprian M and Caffo, Brian S},
  journal={Biostatistics},
  volume={14},
  number={3},
  pages={514--527},
  year={2013},
  publisher={Oxford University Press}
}

@article{zhang2010subject,
  title={Subject order-independent group {ICA} ({SOI-GICA}) for functional {MRI} data analysis},
  author={Zhang, Han and Zuo, Xi-Nian and Ma, Shuang-Ye and Zang, Yu-Feng and Milham, Michael P and Zhu, Chao-Zhe},
  journal={Neuroimage},
  volume={51},
  number={4},
  pages={1414--1424},
  year={2010},
  publisher={Elsevier}
}

@article{chen2017parallel,
  title={Parallel group independent component analysis for massive {fMRI} data sets},
  author={Chen, Shaojie and Huang, Lei and Qiu, Huitong and Nebel, Mary Beth and Mostofsky, Stewart H and Pekar, James J and Lindquist, Martin A and Eloyan, Ani and Caffo, Brian S},
  journal={PloS one},
  volume={12},
  number={3},
  year={2017},
  publisher={Public Library of Science}
}

@article{beckmann2009group,
  title={Group comparison of resting-state {fMRI} data using multi-subject {ICA} and dual regression},
  author={Beckmann, Christian F and Mackay, Clare E and Filippini, Nicola and Smith, Stephen M},
  journal={Neuroimage},
  volume={47},
  number={Suppl 1},
  pages={S148},
  year={2009},
  publisher={Elsevier Science}
}

@article{calhoun2001fmri,
  title={{fMRI} activation in a visual-perception task: network of areas detected using the general linear model and independent components analysis},
  author={Calhoun, Vince D and Adali, T{\"u}lay and McGinty, Vince B and Pekar, James J and Watson, Todd D and Pearlson, Godfrey D},
  journal={NeuroImage},
  volume={14},
  number={5},
  pages={1080--1088},
  year={2001},
  publisher={Elsevier}
}

@inproceedings{makeig1996independent,
  title={Independent component analysis of electroencephalographic data},
  author={Makeig, Scott and Bell, Anthony J and Jung, Tzyy-Ping and Sejnowski, Terrence J},
  booktitle={Advances in neural information processing systems},
  pages={145--151},
  year={1996}
}

@article{comon1994independent,
  title={Independent component analysis, a new concept?},
  author={Comon, Pierre},
  journal={Signal processing},
  volume={36},
  number={3},
  pages={287--314},
  year={1994},
  publisher={Elsevier}
}
@inproceedings{cardoso1989blind,
  title={Blind identification of independent components with higher-order statistics},
  author={Cardoso, Jean-Fran{c{c}}ois},
  booktitle={Workshop on Higher-Order Spectral Analysis},
  pages={157--162},
  year={1989},
  organization={IEEE}
}
@article{jutten1991blind,
  title={Blind separation of sources, part I: An adaptive algorithm based on neuromimetic architecture},
  author={Jutten, Christian and Herault, Jeanny},
  journal={Signal processing},
  volume={24},
  number={1},
  pages={1--10},
  year={1991},
  publisher={Elsevier}
}

@article{engemann2015automated,
  title={Automated model selection in covariance estimation and spatial whitening of MEG and EEG signals},
  author={Engemann, Denis A and Gramfort, Alexandre},
  journal={NeuroImage},
  volume={108},
  pages={328--342},
  year={2015},
  publisher={Elsevier}
}

@inproceedings{vigario1998independent,
  title={Independent component analysis for identification of artifacts in magnetoencephalographic recordings},
  author={Vig{\'a}rio, Ricardo and Jousm{\"a}ki, Veikko and H{\"a}m{\"a}l{\"a}inen, Matti and Hari, Riitta and Oja, Erkki},
  booktitle={Advances in neural information processing systems},
  pages={229--235},
  year={1998}
}

@article{beckmann2005investigations,
  title={Investigations into resting-state connectivity using independent component analysis},
  author={Beckmann, Christian F and DeLuca, Marilena and Devlin, Joseph T and Smith, Stephen M},
  journal={Philosophical Transactions of the Royal Society B: Biological Sciences},
  volume={360},
  number={1457},
  pages={1001--1013},
  year={2005},
  publisher={The Royal Society London}
}

@article{calhoun2002different,
  title={Different activation dynamics in multiple neural systems during simulated driving},
  author={Calhoun, Vince D and Pekar, James J and McGinty, Vince B and Adali, T{\"u}lay and Watson, Todd D and Pearlson, Godfrey D},
  journal={Human brain mapping},
  volume={16},
  number={3},
  pages={158--167},
  year={2002},
  publisher={Wiley Online Library}
}
@article{malinen2007towards,
  title={Towards natural stimulation in {fMRI}—issues of data analysis},
  author={Malinen, Sanna and Hlushchuk, Yevhen and Hari, Riitta},
  journal={Neuroimage},
  volume={35},
  number={1},
  pages={131--139},
  year={2007},
  publisher={Elsevier}
}
@article{bartels2005brain,
  title={Brain dynamics during natural viewing conditions—a new guide for mapping connectivity in vivo},
  author={Bartels, Andreas and Zeki, Semir},
  journal={Neuroimage},
  volume={24},
  number={2},
  pages={339--349},
  year={2005},
  publisher={Elsevier}
}
@article{van2008visual,
  title={Visual target modulation of functional connectivity networks revealed by self-organizing group ICA},
  author={van de Ven, Vincent and Bledowski, Christoph and Prvulovic, David and Goebel, Rainer and Formisano, Elia and Di Salle, Francesco and Linden, David EJ and Esposito, Fabrizio},
  journal={Human brain mapping},
  volume={29},
  number={12},
  pages={1450--1461},
  year={2008},
  publisher={Wiley Online Library}
}

@article{allen2014tracking,
  title={Tracking whole-brain connectivity dynamics in the resting state},
  author={Allen, Elena A and Damaraju, Eswar and Plis, Sergey M and Erhardt, Erik B and Eichele, Tom and Calhoun, Vince D},
  journal={Cerebral cortex},
  volume={24},
  number={3},
  pages={663--676},
  year={2014},
  publisher={Oxford University Press}
}

@article{sockeel2016large,
  title={Large-scale functional networks identified from resting-state EEG using spatial ICA},
  author={Sockeel, St{\'e}phane and Schwartz, Denis and P{\'e}l{\'e}grini-Issac, M{\'e}lanie and Benali, Habib},
  journal={PloS one},
  volume={11},
  number={1},
  year={2016},
  publisher={Public Library of Science}
}

@inproceedings{kohler2008spatiotemporal,
  title={Spatiotemporal group ICA applied to {fMRI} datasets},
  author={Kohler, Ch and Keck, I and Gruber, Peter and Lie, Ch-H and Specht, Karsten and Tome, AM and Lang, EW},
  booktitle={2008 30th Annual International Conference of the IEEE Engineering in Medicine and Biology Society},
  pages={4652--4655},
  year={2008},
  organization={IEEE}
}

@article{assaf2010abnormal,
  title={Abnormal functional connectivity of default mode sub-networks in autism spectrum disorder patients},
  author={Assaf, Michal and Jagannathan, Kanchana and Calhoun, Vince D and Miller, Laura and Stevens, Michael C and Sahl, Robert and O'Boyle, Jacqueline G and Schultz, Robert T and Pearlson, Godfrey D},
  journal={Neuroimage},
  volume={53},
  number={1},
  pages={247--256},
  year={2010},
  publisher={Elsevier}
}

@article{jafri2008method,
  title={A method for functional network connectivity among spatially independent resting-state components in schizophrenia},
  author={Jafri, Madiha J and Pearlson, Godfrey D and Stevens, Michael and Calhoun, Vince D},
  journal={Neuroimage},
  volume={39},
  number={4},
  pages={1666--1681},
  year={2008},
  publisher={Elsevier}
}

@article{broyd2009default,
  title={Default-mode brain dysfunction in mental disorders: a systematic review},
  author={Broyd, Samantha J and Demanuele, Charmaine and Debener, Stefan and Helps, Suzannah K and James, Christopher J and Sonuga-Barke, Edmund JS},
  journal={Neuroscience \& biobehavioral reviews},
  volume={33},
  number={3},
  pages={279--296},
  year={2009},
  publisher={Elsevier}
}

@article{eichele2011eegift,
  title={{EEGIFT}: group independent component analysis for event-related {EEG} data},
  author={Eichele, Tom and Rachakonda, Srinivas and Brakedal, Brage and Eikeland, Rune and Calhoun, Vince D},
  journal={Computational intelligence and neuroscience},
  volume={2011},
  year={2011},
  publisher={Hindawi}
}

@article{congedo2010group,
  title={Group independent component analysis of resting state EEG in large normative samples},
  author={Congedo, Marco and John, Roy E and De Ridder, Dirk and Prichep, Leslie},
  journal={International Journal of Psychophysiology},
  volume={78},
  number={2},
  pages={89--99},
  year={2010},
  publisher={Elsevier}
}

@article{cong2013validating,
  title={Validating rationale of group-level component analysis based on estimating number of sources in {EEG} through model order selection},
  author={Cong, Fengyu and He, Zhaoshui and H{\"a}m{\"a}l{\"a}inen, Jarmo and Lepp{\"a}nen, Paavo HT and Lyytinen, Heikki and Cichocki, Andrzej and Ristaniemi, Tapani},
  journal={Journal of neuroscience methods},
  volume={212},
  number={1},
  pages={165--172},
  year={2013},
  publisher={Elsevier}
}

@article{grin2010independent,
  title={Independent component approach to the analysis of {EEG} recordings at early stages of depressive disorders},
  author={Grin-Yatsenko, Vera A and Baas, Ineke and Ponomarev, Valery A and Kropotov, Juri D},
  journal={Clinical Neurophysiology},
  volume={121},
  number={3},
  pages={281--289},
  year={2010},
  publisher={Elsevier}
}

@article{bigdely2013measure,
  title={Measure projection analysis: a probabilistic approach to {EEG} source comparison and multi-subject inference},
  author={Bigdely-Shamlo, Nima and Mullen, Tim and Kreutz-Delgado, Kenneth and Makeig, Scott},
  journal={Neuroimage},
  volume={72},
  pages={287--303},
  year={2013},
  publisher={Elsevier}
}

@article{morup2007erpwavelab,
  title={ERPWAVELAB: A toolbox for multi-channel analysis of time--frequency transformed event related potentials},
  author={M{\o}rup, Morten and Hansen, Lars K and Arnfred, Sidse M},
  journal={Journal of neuroscience methods},
  volume={161},
  number={2},
  pages={361--368},
  year={2007},
  publisher={Elsevier}
}

@article{huster2018tutorial,
  title={A tutorial review on multi-subject decomposition of {EEG}},
  author={Huster, Ren{\'e} J and Raud, Liisa},
  journal={Brain topography},
  volume={31},
  number={1},
  pages={3--16},
  year={2018},
  publisher={Springer}
}

@article{huster2015group,
  title={Group-level component analyses of {EEG}: validation and evaluation},
  author={Huster, Rene and Plis, Sergey M and Calhoun, Vince D},
  journal={Frontiers in neuroscience},
  volume={9},
  pages={254},
  year={2015},
  publisher={Frontiers}
}

@article{schmitthort2004comparison,
  title={A comparison of three methods for generating group statistical inferences from independent component analysis of {fMRI} data},
  author={Schmitthort, VJ and Holland, SK},
  journal={Journal of Magnetic Resonance in Imaging},
  volume={19},
  number={3},
  pages={365--368},
  year={2004}
}

@article{erhardt2011comparison,
  title={Comparison of multi-subject ICA methods for analysis of {fMRI} data},
  author={Erhardt, Erik Barry and Rachakonda, Srinivas and Bedrick, Edward J and Allen, Elena A and Adali, T{\"u}lay and Calhoun, Vince D},
  journal={Human brain mapping},
  volume={32},
  number={12},
  pages={2075--2095},
  year={2011},
  publisher={Wiley Online Library}
}

@article{abraham2014machine,
  title={Machine learning for neuroimaging with scikit-learn},
  author={Abraham, Alexandre and Pedregosa, Fabian and Eickenberg, Michael and Gervais, Philippe and Mueller, Andreas and Kossaifi, Jean and Gramfort, Alexandre and Thirion, Bertrand and Varoquaux, Ga{\"e}l},
  journal={Frontiers in neuroinformatics},
  volume={8},
  pages={14},
  year={2014},
  publisher={Frontiers}
}

@inproceedings{zhang2018transfer,
  title={Transfer learning on {fMRI} datasets},
  author={Zhang, Hejia and Chen, Po-Hsuan and Ramadge, Peter},
  booktitle={International Conference on Artificial Intelligence and Statistics},
  pages={595--603},
  year={2018}
}

@article{kumar2020brainiak,
  title={BrainIAK tutorials: User-friendly learning materials for advanced fMRI analysis},
  author={Kumar, Manoj and Ellis, Cameron T and Lu, Qihong and Zhang, Hejia and Capot{\u{a}}, Mihai and Willke, Theodore L and Ramadge, Peter J and Turk-Browne, Nicholas B and Norman, Kenneth A},
  journal={PLoS computational biology},
  volume={16},
  number={1},
  pages={e1007549},
  year={2020},
  publisher={Public Library of Science San Francisco, CA USA}
}

@article{haxby2011common,
  title={A common, high-dimensional model of the representational space in human ventral temporal cortex},
  author={Haxby, James V and Guntupalli, J Swaroop and Connolly, Andrew C and Halchenko, Yaroslav O and Conroy, Bryan R and Gobbini, M Ida and Hanke, Michael and Ramadge, Peter J},
  journal={Neuron},
  volume={72},
  number={2},
  pages={404--416},
  year={2011},
  publisher={Elsevier}
}

@article{nishimoto2011reconstructing,
  title={Reconstructing visual experiences from brain activity evoked by natural movies},
  author={Nishimoto, S. and Vu, A.T. and Naselaris, T. and Benjamini, Y. and Yu, B. and Gallant, J. L},
  journal={Current Biology},
  volume={21},
  number={19},
  pages={1641--1646},
  year={2011},
  publisher={Elsevier}
}
@article{huth2012continuous,
  title={A continuous semantic space describes the representation of thousands of object and action categories across the human brain},
  author={Huth, Alexander G and Nishimoto, Shinji and Vu, An T and Gallant, Jack L},
  journal={Neuron},
  volume={76},
  number={6},
  pages={1210--1224},
  year={2012},
  publisher={Elsevier}
}

@article{belouchrani1997blind,
  title={A blind source separation technique using second-order statistics},
  author={Belouchrani, Adel and Abed-Meraim, Karim and Cardoso, J-F and Moulines, Eric},
  journal={IEEE Transactions on signal processing},
  volume={45},
  number={2},
  pages={434--444},
  year={1997},
  publisher={IEEE}
}

@article{perry2020mvlearn,
  title={mvlearn: Multiview Machine Learning in Python},
  author={Perry, Ronan and Mischler, Gavin and Guo, Richard and Lee, Theo and Chang, Alexander and Koul, Arman and Franz, Cameron and Vogelstein, Joshua T},
  journal={arXiv preprint arXiv:2005.11890},
  year={2020}
}

@article{tong1991indeterminacy,
  title={Indeterminacy and identifiability of blind identification},
  author={Tong, Lang and Liu, R-W and Soon, Victor C and Huang, Y-F},
  journal={IEEE Transactions on circuits and systems},
  volume={38},
  number={5},
  pages={499--509},
  year={1991},
  publisher={IEEE}
}

@article{pham1997blind,
  title={Blind separation of mixture of independent sources through a quasi-maximum likelihood approach},
  author={Pham, Dinh Tuan and Garat, Philippe},
  journal={IEEE transactions on Signal Processing},
  volume={45},
  number={7},
  pages={1712--1725},
  year={1997},
  publisher={IEEE}
}

@article{ibc,
title={Individual Brain Charting, a high-resolution {fMRI} dataset for cognitive mapping},
author={Pinho, Ana Lu{\'i}sa and Amadon, Alexis and Ruest, Torsten and Fabre, Murielle and Dohmatob, Elvis and Denghien, Isabelle and Ginisty, Chantal and Becuwe-Desmidt, S{\'e}verine and Roger, S{\'e}verine and Laurier, Laurence and others},
journal={Scientific data},
volume={5},
year={2018},
publisher={Nature Publishing Group}
}

@article{poldrack2013toward,
  title={Toward open sharing of task-based {fMRI} data: the {OpenfMRI} project},
  author={Poldrack, Russell A and Barch, Deanna M and Mitchell, Jason and Wager, Tor and Wagner, Anthony D and Devlin, Joseph T and Cumba, Chad and Koyejo, Oluwasanmi and Milham, Michael},
  journal={Frontiers in neuroinformatics},
  volume={7},
  pages={12},
  year={2013},
  publisher={Frontiers}
}

@article{hanke2014high,
  title={A high-resolution {7-Tesla} {fMRI} dataset from complex natural stimulation with an audio movie},
  author={Hanke, Michael and Baumgartner, Florian J and Ibe, Pierre and Kaule, Falko R and Pollmann, Stefan and Speck, Oliver and Zinke, Wolf and Stadler, J{\"o}rg},
  journal={Scientific data},
  volume={1},
  pages={140003},
  year={2014},
  publisher={Nature Publishing Group}
}

@inproceedings{masci2011stacked,
  title={Stacked convolutional auto-encoders for hierarchical feature extraction},
  author={Masci, Jonathan and Meier, Ueli and Cire{\c{s}}an, Dan and Schmidhuber, J{\"u}rgen},
  booktitle={International conference on artificial neural networks},
  pages={52--59},
  year={2011},
  organization={Springer}
}

@article{Sonkusare-etal:2019,
author = {Sonkusare, Saurabh and Breakspear, Michael and Guo, Christine},
year = {2019},
month = {06},
pages = {},
title = {Naturalistic Stimuli in Neuroscience: Critically Acclaimed},
volume = {23},
journal = {Trends in Cognitive Sciences},
doi = {10.1016/j.tics.2019.05.004}
}

@article{dmochowski2012correlated,
  title={Correlated components of ongoing EEG point to emotionally laden attention--a possible marker of engagement?},
  author={Dmochowski, Jacek P and Sajda, Paul and Dias, Joao and Parra, Lucas C},
  journal={Frontiers in human neuroscience},
  volume={6},
  pages={112},
  year={2012},
  publisher={Frontiers}
}


@inproceedings{lukic2002ica,
  title={An ICA algorithm for analyzing multiple data sets},
  author={Lukic, Ana S and Wernick, Miles N and Hansen, Lars Kai and Strother, Stephen C},
  booktitle={Proceedings. International Conference on Image Processing},
  volume={2},
  pages={II--II},
  year={2002},
  organization={IEEE}
}

@InProceedings{Monti18UAI,
  author =      {R.~P.~Monti and A.~Hyv\"arinen},
  title =      { A unified probabilistic model for learning latent factors and their connectivities from high-dimensional data},
  booktitle =    {Proc.\ 34th Conf.~ on Uncertainty in Artificial Intelligence (UAI2018)},
  OPTpages =      {282-289},
  year =      {2018},
  address =      {Monterey, California}
} 

@article{parra2019correlated, title={Correlated Components Analysis-Extracting Reliable Dimensions in Multivariate Data},
  author={Parra, Lucas C and Haufe, Stefan and Dmochowski, Jacek P},
  journal={Neurons, Behavior, Data analysis, and Theory},
  volume={2},
  number={1},
  pages={7125},
  year={2019},
  publisher={The neurons, behavior, data analysis and theory collective}
}

@article{stewart1973error,
  title={Error and perturbation bounds for subspaces associated with certain eigenvalue problems},
  author={Stewart, Gilbert W},
  journal={SIAM review},
  volume={15},
  number={4},
  pages={727--764},
  year={1973},
  publisher={SIAM}
}

@article{kettenring1971canonical,
  title={Canonical analysis of several sets of variables},
  author={Kettenring, Jon R},
  journal={Biometrika},
  volume={58},
  number={3},
  pages={433--451},
  year={1971},
  publisher={Oxford University Press}
}
@article{nielsen2002multiset,
  title={Multiset canonical correlations analysis and multispectral, truly multitemporal remote sensing data},
  author={Nielsen, Allan Aasbjerg},
  journal={IEEE transactions on image processing},
  volume={11},
  number={3},
  pages={293--305},
  year={2002},
  publisher={IEEE}
}
@article{witten2009extensions,
  title={Extensions of sparse canonical correlation analysis with applications to genomic data},
  author={Witten, Daniela M and Tibshirani, Robert J},
  journal={Statistical applications in genetics and molecular biology},
  volume={8},
  number={1},
  year={2009},
  publisher={De Gruyter}
}
@article{witten2009penalized,
  title={A penalized matrix decomposition, with applications to sparse principal components and canonical correlation analysis},
  author={Witten, Daniela M and Tibshirani, Robert and Hastie, Trevor},
  journal={Biostatistics},
  volume={10},
  number={3},
  pages={515--534},
  year={2009},
  publisher={Oxford University Press}
}

@inproceedings{andrew2013deep,
  title={Deep canonical correlation analysis},
  author={Andrew, Galen and Arora, Raman and Bilmes, Jeff and Livescu, Karen},
  booktitle={International conference on machine learning},
  pages={1247--1255},
  year={2013},
  organization={PMLR}
}
@article{somandepalli2019multimodal,
  title={Multimodal representation learning using deep multiset canonical correlation},
  author={Somandepalli, Krishna and Kumar, Naveen and Travadi, Ruchir and Narayanan, Shrikanth},
  journal={arXiv preprint arXiv:1904.01775},
  year={2019}
}
@TechReport{bach2005probabilistic,
  title={A probabilistic interpretation of canonical correlation analysis},
  author={Bach, Francis R and Jordan, Michael I},
  year={2005},
  institution={Department of Statistics, University of California, Berkeley},
  number={688}
}

@article{browne1980factor,
  title={Factor analysis of multiple batteries by maximum likelihood},
  author={Browne, Michael W},
  journal={British Journal of Mathematical and Statistical Psychology},
  volume={33},
  number={2},
  pages={184--199},
  year={1980},
  publisher={Wiley Online Library}
}
@inproceedings{archambeau2008sparse,
  title={Sparse probabilistic projections.},
  author={Archambeau, C{\'e}dric and Bach, Francis R},
  booktitle={NIPS},
  pages={73--80},
  year={2008}
}
@article{klami2014group,
  title={Group factor analysis},
  author={Klami, Arto and Virtanen, Seppo and Lepp{\"a}aho, Eemeli and Kaski, Samuel},
  journal={IEEE transactions on neural networks and learning systems},
  volume={26},
  number={9},
  pages={2136--2147},
  year={2014},
  publisher={IEEE}
}
@article{DELEUS2011143,
title = {Functional connectivity analysis of {fMRI} data based on regularized multiset canonical correlation analysis},
journal = {Journal of Neuroscience Methods},
volume = {197},
number = {1},
pages = {143-157},
year = {2011},
issn = {0165-0270},
doi = {https://doi.org/10.1016/j.jneumeth.2010.11.029},
url = {https://www.sciencedirect.com/science/article/pii/S0165027011000458},
author = {Filip Deleus and Marc M. {Van Hulle}},
keywords = {fMRI, Functional connectivity, Canonical correlation analysis},
abstract = {In this paper we describe a method for functional connectivity analysis of fMRI data between given brain regions-of-interest (ROIs). The method relies on nonnegativity constrained- and spatially regularized multiset canonical correlation analysis (CCA), and assigns weights to the fMRI signals of the ROIs so that their representative signals become simultaneously maximally correlated. The different pairwise correlations between the representative signals of the ROIs are combined using the maxvar approach for multiset CCA, which has been shown to be equivalent to the generalized eigenvector formulation of CCA. The eigenvector in the maxvar approach gives an indication of the relative importance of each ROI in obtaining a maximal overall correlation, and hence, can be interpreted as a functional connectivity pattern of the ROIs. The successive canonical correlations define subsequent functional connectivity patterns, in decreasing order of importance. We apply our method on synthetic data and real fMRI data and show its advantages compared to unconstrained CCA and to PCA. Furthermore, since the representative signals for the ROIs are optimized for maximal correlation they are also ideally suited for further effective connectivity analyses, to assess the information flows between the ROIs in the brain.}
}

@article{luo2015tensor,
  title={Tensor canonical correlation analysis for multi-view dimension reduction},
  author={Luo, Yong and Tao, Dacheng and Ramamohanarao, Kotagiri and Xu, Chao and Wen, Yonggang},
  journal={IEEE transactions on Knowledge and Data Engineering},
  volume={27},
  number={11},
  pages={3111--3124},
  year={2015},
  publisher={IEEE}
}

@article{bamieh2020tutorial,
  title={A Tutorial on Matrix Perturbation Theory (using compact matrix notation)},
  author={Bamieh, Bassam},
  journal={arXiv preprint arXiv:2002.05001},
  year={2020}
}

@article{ablin2018beyond,
  title={Beyond Pham's algorithm for joint diagonalization},
  author={Ablin, Pierre and Cardoso, Jean-Fran{\c{c}}ois and Gramfort, Alexandre},
  journal={arXiv preprint arXiv:1811.11433},
  year={2018}
}
@inproceedings{chen2015reduced,
  title={A Reduced-Dimension {fMRI} Shared Response Model},
  author={Chen, Po-Hsuan and Chen, Janice and Yeshurun, Yaara and Hasson, Uri and Haxby, James V and Ramadge, Peter J},
  booktitle={NIPS},
  volume={28},
  pages={460--468},
  year={2015}
}
@article{li2009joint,
  title={Joint blind source separation by multiset canonical correlation analysis},
  author={Li, Yi-Ou and Adali, T{\"u}lay and Wang, Wei and Calhoun, Vince D},
  journal={IEEE Transactions on Signal Processing},
  volume={57},
  number={10},
  pages={3918--3929},
  year={2009},
  publisher={IEEE}
}
@inproceedings{via2011joint,
  title={Joint blind source separation from second-order statistics: Necessary and sufficient identifiability conditions},
  author={V{\'\i}a, Javier and Anderson, Matthew and Li, Xi-Lin and Adal{\i}, T{\"u}lay},
  booktitle={2011 IEEE International Conference on Acoustics, Speech and Signal Processing (ICASSP)},
  pages={2520--2523},
  year={2011},
  organization={IEEE}
}
@inproceedings{via2011maximum,
  title={A maximum likelihood approach for independent vector analysis of Gaussian data sets},
  author={V{\'\i}a, Javier and Anderson, Matthew and Li, Xi-Lin and Adal{\i}, T{\"u}lay},
  booktitle={2011 IEEE International Workshop on Machine Learning for Signal Processing},
  pages={1--6},
  year={2011},
  organization={IEEE}
}
@inproceedings{congedo2012orthogonal,
  title={Orthogonal and non-orthogonal joint blind source separation in the least-squares sense},
  author={Congedo, Marco and Phlypo, Ronald and Chatel-Goldman, Jonas},
  booktitle={2012 Proceedings of the 20th European Signal Processing Conference (EUSIPCO)},
  pages={1885--1889},
  year={2012},
  organization={IEEE}
}
@article{anderson2011joint,
  title={Joint blind source separation with multivariate Gaussian model: Algorithms and performance analysis},
  author={Anderson, Matthew and Adali, Tuelay and Li, Xi-Lin},
  journal={IEEE Transactions on Signal Processing},
  volume={60},
  number={4},
  pages={1672--1683},
  year={2011},
  publisher={IEEE}
}
@article{li2011joint,
  title={Joint blind source separation by generalized joint diagonalization of cumulant matrices},
  author={Li, Xi-Lin and Adal{\i}, T{\"u}lay and Anderson, Matthew},
  journal={Signal Processing},
  volume={91},
  number={10},
  pages={2314--2322},
  year={2011},
  publisher={Elsevier}
}
@inproceedings{engberg2016independent,
  title={Independent vector analysis for capturing common components in {fMRI} group analysis},
  author={Engberg, Astrid ME and Andersen, Kasper W and M{\o}rup, Morten and Madsen, Kristoffer H},
  booktitle={2016 international workshop on pattern recognition in neuroimaging (prni)},
  pages={1--4},
  year={2016},
  organization={IEEE}
}
@article{anderson2014independent,
  title={Independent vector analysis: Identification conditions and performance bounds},
  author={Anderson, Matthew and Fu, Geng-Shen and Phlypo, Ronald and Adal{\i}, T{\"u}lay},
  journal={IEEE Transactions on Signal Processing},
  volume={62},
  number={17},
  pages={4399--4410},
  year={2014},
  publisher={IEEE}
}
@article{rothenberg1971identification,
  title={Identification in parametric models},
  author={Rothenberg, Thomas J},
  journal={Econometrica: Journal of the Econometric Society},
  pages={577--591},
  year={1971},
  publisher={JSTOR}
}
@article{comon1994independent,
  title={Independent component analysis, a new concept?},
  author={Comon, Pierre},
  journal={Signal processing},
  volume={36},
  number={3},
  pages={287--314},
  year={1994},
  publisher={Elsevier}
}

@incollection{neal1998view,
  title={A view of the EM algorithm that justifies incremental, sparse, and other variants},
  author={Neal, Radford M and Hinton, Geoffrey E},
  booktitle={Learning in graphical models},
  pages={355--368},
  year={1998},
  publisher={Springer}
}
@article{dempster1977maximum,
  title={Maximum likelihood from incomplete data via the EM algorithm},
  author={Dempster, Arthur P and Laird, Nan M and Rubin, Donald B},
  journal={Journal of the Royal Statistical Society: Series B (Methodological)},
  volume={39},
  number={1},
  pages={1--22},
  year={1977},
  publisher={Wiley Online Library}
}
@article{calhoun2001method,
  title={A method for making group inferences from functional {MRI} data using independent component analysis},
  author={Calhoun, Vince D and Adali, T{\"u}lay and Pearlson, Godfrey D and Pekar, James J},
  journal={Human brain mapping},
  volume={14},
  number={3},
  pages={140--151},
  year={2001},
  publisher={Wiley Online Library}
}
@article{Esposito05NI,
  author =      {F.~Esposito and T.~Scarabino and A.~Hyv\"arinen and J.~Himberg and E.~Formisano and S.~Comani and G.~Tedeschi and R.~Goebel and E.~Seifritz and F.~Di~Salle},
  title =      {Independent component analysis of {fMRI} group studies by self-organizing clustering},
  journal =      {NeuroImage},
  year =      {2005},
  volume =      {25},
  number =      {1},
  pages =      {193-205 }
}
@article{Hyva11NI,
  author =      {A.~Hyv{\"a}rinen},
  title =      {Testing the {ICA} mixing matrix based on inter-subject or inter-session consistency},
  journal =      {NeuroImage},
  year =      {2011},
  volume =      {58},
  number = {1},
  pages =      {122-136}
}
@article{beckmann2005tensorial,
  title={Tensorial extensions of independent component analysis for multisubject {fMRI} analysis},
  author={Beckmann, Christian F and Smith, Stephen M},
  journal={Neuroimage},
  volume={25},
  number={1},
  pages={294--311},
  year={2005},
  publisher={Elsevier}
}
@article{svensen2002ica,
  title={{ICA} of {fMRI} group study data},
  author={Svens{\'e}n, Markus and Kruggel, Frithjof and Benali, Habib},
  journal={NeuroImage},
  volume={16},
  number={3},
  pages={551--563},
  year={2002},
  publisher={Elsevier}
}
@article{guo2008unified,
  title={A unified framework for group independent component analysis for multi-subject {fMRI} data},
  author={Guo, Ying and Pagnoni, Giuseppe},
  journal={NeuroImage},
  volume={42},
  number={3},
  pages={1078--1093},
  year={2008},
  publisher={Elsevier}
}

@conference{richard2020modeling,
  title = {Modeling Shared responses in Neuroimaging Studies through MultiView {ICA}},
  author = {Richard, H. and Gresele, L. and Hyvarinen, A. and Thirion, B. and Gramfort, A. and Ablin, P.},
  booktitle = {Advances in Neural Information Processing Systems 33},
  month = dec,
  year = {2020},
  month_numeric = {12}
}
@article{lee2008independent,
  title={Independent vector analysis {(IVA)}: multivariate approach for {fMRI} group study},
  author={Lee, Jong-Hwan and Lee, Te-Won and Jolesz, Ferenc A and Yoo, Seung-Schik},
  journal={Neuroimage},
  volume={40},
  number={1},
  pages={86--109},
  year={2008},
  publisher={Elsevier}
}
@article{varoquaux2009canica,
  title={Can{ICA}: Model-based extraction of reproducible group-level {ICA} patterns from {fMRI} time series},
  author={Varoquaux, Ga{\"e}l and Sadaghiani, Sepideh and Poline, Jean-Baptiste and Thirion, Bertrand},
  journal={arXiv preprint arXiv:0911.4650},
  year={2009}
}
@inproceedings{turek2018capturing,
  title={Capturing shared and individual information in fmri data},
  author={Turek, Javier S and Ellis, Cameron T and Skalaban, Lena J and Turk-Browne, Nicholas B and Willke, Theodore L},
  booktitle={2018 IEEE International Conference on Acoustics, Speech and Signal Processing (ICASSP)},
  pages={826--830},
  year={2018},
  organization={IEEE}
}
@article{chen2016convolutional,
  title={A convolutional autoencoder for multi-subject {fMRI} data aggregation},
  author={Chen, Po-Hsuan and Zhu, Xia and Zhang, Hejia and Turek, Javier S and Chen, Janice and Willke, Theodore L and Hasson, Uri and Ramadge, Peter J},
  journal={arXiv preprint arXiv:1608.04846},
  year={2016}
}
@article{yousefnezhad2017deep,
  title={Deep hyperalignment},
  author={Yousefnezhad, Muhammad and Zhang, Daoqiang},
  journal={arXiv preprint arXiv:1710.03923},
  year={2017}
}


@article{ablin2018faster,
  title={Faster independent component analysis by preconditioning with Hessian approximations},
  author={Ablin, Pierre and Cardoso, Jean-Fran{\c{c}}ois and Gramfort, Alexandre},
  journal={IEEE Transactions on Signal Processing},
  volume={66},
  number={15},
  pages={4040--4049},
  year={2018},
  publisher={IEEE}
}

@article{perry2020mvlearn,
  title={mvlearn: Multiview machine learning in python},
  author={Perry, Ronan and Mischler, Gavin and Guo, Richard and Lee, Theo and Chang, Alexander and Koul, Arman and Franz, Cameron and Vogelstein, Joshua T},
  journal={arXiv preprint arXiv:2005.11890},
  year={2020}
}
@article{taylor2017cambridge,
  title={The {Cambridge Centre for Ageing and Neuroscience} ({Cam-CAN}) data repository: structural and functional {MRI}, {MEG}, and cognitive data from a cross-sectional adult lifespan sample},
  author={Taylor, Jason R and Williams, Nitin and Cusack, Rhodri and Auer, Tibor and Shafto, Meredith A and Dixon, Marie and Tyler, Lorraine K and Henson, Richard N and others},
  journal={Neuroimage},
  volume={144},
  pages={262--269},
  year={2017},
  publisher={Elsevier}
}
@article{liu2016noise,
  title={Noise contributions to the fMRI signal: An overview},
  author={Liu, Thomas T},
  journal={NeuroImage},
  volume={143},
  pages={141--151},
  year={2016},
  publisher={Elsevier}
}
@inproceedings{moulines1997maximum,
  title={Maximum likelihood for blind separation and deconvolution of noisy signals using mixture models},
  author={Moulines, Eric and Cardoso, J-F and Gassiat, Elisabeth},
  booktitle={1997 ieee international conference on acoustics, speech, and signal processing},
  volume={5},
  pages={3617--3620},
  year={1997},
  organization={IEEE}
}
@article{pham2001joint,
  title={Joint approximate diagonalization of positive definite Hermitian matrices},
  author={Pham, Dinh Tuan},
  journal={SIAM Journal on Matrix Analysis and Applications},
  volume={22},
  number={4},
  pages={1136--1152},
  year={2001},
  publisher={SIAM}
}
@article{penny2007random,
  title={Random effects analysis},
  author={Penny, W and Holmes, A},
  journal={Statistical parametric mapping: The analysis of functional brain images},
  volume={156},
  pages={165},
  year={2007},
  publisher={Academic Press London}
}
@inproceedings{amari1996new,
  title={A new learning algorithm for blind signal separation},
  author={Amari, Shun-ichi and Cichocki, Andrzej and Yang, Howard Hua and others},
  booktitle={Advances in neural information processing systems},
  pages={757--763},
  year={1996},
  organization={Morgan Kaufmann Publishers}
}
@article{abraham2014machine,
  title={Machine learning for neuroimaging with scikit-learn},
  author={Abraham, Alexandre and Pedregosa, Fabian and Eickenberg, Michael and Gervais, Philippe and Mueller, Andreas and Kossaifi, Jean and Gramfort, Alexandre and Thirion, Bertrand and Varoquaux, Ga{\"e}l},
  journal={Frontiers in neuroinformatics},
  volume={8},
  pages={14},
  year={2014},
  publisher={Frontiers}
}
@article{gramfort2013meg,
  title={{MEG} and {EEG} data analysis with {MNE-Python}},
  author={Gramfort, Alexandre and Luessi, Martin and Larson, Eric and Engemann, Denis A and Strohmeier, Daniel and Brodbeck, Christian and Goj, Roman and Jas, Mainak and Brooks, Teon and Parkkonen, Lauri and others},
  journal={Frontiers in neuroscience},
  volume={7},
  pages={267},
  year={2013},
  publisher={Frontiers}
}
@article{hunter2007matplotlib,
  title={Matplotlib: A 2D graphics environment},
  author={Hunter, John D},
  journal={Computing in science \& engineering},
  volume={9},
  number={3},
  pages={90--95},
  year={2007},
  publisher={IEEE Computer Society}
}
@article{pedregosa2011scikit,
  title={Scikit-learn: {Machine} learning in {Python}},
  author={Pedregosa, Fabian and Varoquaux, Ga{\"e}l and Gramfort, Alexandre and Michel, Vincent and Thirion, Bertrand and Grisel, Olivier and Blondel, Mathieu and Prettenhofer, Peter and Weiss, Ron and Dubourg, Vincent and others},
  journal={the Journal of machine Learning research},
  volume={12},
  pages={2825--2830},
  year={2011},
  publisher={JMLR. org}
}
@Article{         harris2020array,
 title         = {Array programming with {NumPy}},
 author        = {Charles R. Harris and K. Jarrod Millman and St{'{e}}fan J.
                 van der Walt and Ralf Gommers and Pauli Virtanen and David
                 Cournapeau and Eric Wieser and Julian Taylor and Sebastian
                 Berg and Nathaniel J. Smith and Robert Kern and Matti Picus
                 and Stephan Hoyer and Marten H. van Kerkwijk and Matthew
                 Brett and Allan Haldane and Jaime Fern{'{a}}ndez del
                 R{'{\i}}o and Mark Wiebe and Pearu Peterson and Pierre
                 G{'{e}}rard-Marchant and Kevin Sheppard and Tyler Reddy and
                 Warren Weckesser and Hameer Abbasi and Christoph Gohlke and
                 Travis E. Oliphant},
 year          = {2020},
 month         = sep,
 journal       = {Nature},
 volume        = {585},
 number        = {7825},
 pages         = {357--362},
 doi           = {10.1038/s41586-020-2649-2},
 publisher     = {Springer Science and Business Media {LLC}},
 url           = {https://doi.org/10.1038/s41586-020-2649-2}
}
@ARTICLE{2020SciPy-NMeth,
  author  = {Virtanen, Pauli and Gommers, Ralf and Oliphant, Travis E. and
            Haberland, Matt and Reddy, Tyler and Cournapeau, David and
            Burovski, Evgeni and Peterson, Pearu and Weckesser, Warren and
            Bright, Jonathan and {van der Walt}, St{\'e}fan J. and
            Brett, Matthew and Wilson, Joshua and Millman, K. Jarrod and
            Mayorov, Nikolay and Nelson, Andrew R. J. and Jones, Eric and
            Kern, Robert and Larson, Eric and Carey, C J and
            Polat, {\.I}lhan and Feng, Yu and Moore, Eric W. and
            {VanderPlas}, Jake and Laxalde, Denis and Perktold, Josef and
            Cimrman, Robert and Henriksen, Ian and Quintero, E. A. and
            Harris, Charles R. and Archibald, Anne M. and
            Ribeiro, Ant{\^o}nio H. and Pedregosa, Fabian and
            {van Mulbregt}, Paul and {SciPy 1.0 Contributors}},
  title   = {{{SciPy} 1.0: Fundamental Algorithms for Scientific
            Computing in Python}},
  journal = {Nature Methods},
  year    = {2020},
  volume  = {17},
  pages   = {261--272},
  adsurl  = {https://rdcu.be/b08Wh},
  doi     = {10.1038/s41592-019-0686-2},
}
@article{chen2017shared,
  title={Shared memories reveal shared structure in neural activity across individuals},
  author={Chen, Janice and Leong, Yuan C and Honey, Christopher J and Yong, Chung H and Norman, Kenneth A and Hasson, Uri},
  journal={Nature neuroscience},
  volume={20},
  number={1},
  pages={115--125},
  year={2017},
  publisher={Nature Publishing Group}
}
@article{hanke2014high,
  title={A high-resolution {7-Tesla} {fMRI} dataset from complex natural stimulation with an audio movie},
  author={Hanke, Michael and Baumgartner, Florian J and Ibe, Pierre and Kaule, Falko R and Pollmann, Stefan and Speck, Oliver and Zinke, Wolf and Stadler, J{\"o}rg},
  journal={Scientific data},
  volume={1},
  pages={140003},
  year={2014},
  publisher={Nature Publishing Group}
}
@article{ibc,
title={Individual Brain Charting, a high-resolution {fMRI} dataset for cognitive mapping},
author={Pinho, Ana Lu{\'i}sa and Amadon, Alexis and Ruest, Torsten and Fabre, Murielle and Dohmatob, Elvis and Denghien, Isabelle and Ginisty, Chantal and Becuwe-Desmidt, S{\'e}verine and Roger, S{\'e}verine and Laurier, Laurence and others},
journal={Scientific data},
volume={5},
year={2018},
publisher={Nature Publishing Group}
}
@article{poldrack2013toward,
  title={Toward open sharing of task-based fMRI data: the OpenfMRI project},
  author={Poldrack, Russell A and Barch, Deanna M and Mitchell, Jason and Wager, Tor and Wagner, Anthony D and Devlin, Joseph T and Cumba, Chad and Koyejo, Oluwasanmi and Milham, Michael},
  journal={Frontiers in neuroinformatics},
  volume={7},
  pages={12},
  year={2013},
  publisher={Frontiers}
}
@article{tadel2011brainstorm,
  title={Brainstorm: a user-friendly application for MEG/EEG analysis},
  author={Tadel, Fran{\c{c}}ois and Baillet, Sylvain and Mosher, John C and Pantazis, Dimitrios and Leahy, Richard M},
  journal={Computational intelligence and neuroscience},
  volume={2011},
  year={2011},
  publisher={Hindawi}
}
@article{kumar2020brainiak,
  title={BrainIAK: The brain imaging analysis kit},
  author={Kumar, Manoj and Anderson, Michael J and Antony, James W and Baldassano, Christopher and Brooks, Paula P and Cai, Ming Bo and Chen, Po-Hsuan Cameron and Ellis, Cameron T and Henselman-Petrusek, Gregory and Huberdeau, David and others},
  year={2020}
}
@article{pascual2002standardized,
  title={Standardized low-resolution brain electromagnetic tomography (sLORETA): technical details},
  author={Pascual-Marqui, Roberto Domingo and others},
  journal={Methods Find Exp Clin Pharmacol},
  volume={24},
  number={Suppl D},
  pages={5--12},
  year={2002}
}
@article{golub1973some,
  title={Some modified matrix eigenvalue problems},
  author={Golub, Gene H},
  journal={Siam Review},
  volume={15},
  number={2},
  pages={318--334},
  year={1973},
  publisher={SIAM}
}
@article{rahim2017joint,
  title={Joint prediction of multiple scores captures better individual traits from brain images},
  author={Rahim, Mehdi and Thirion, Bertrand and Bzdok, Danilo and Buvat, Ir{\`e}ne and Varoquaux, Ga{\"e}l},
  journal={NeuroImage},
  volume={158},
  pages={145--154},
  year={2017},
  publisher={Elsevier}
}

@article{hasson2004intersubject,
  title={Intersubject synchronization of cortical activity during natural vision},
  author={Hasson, Uri and Nir, Yuval and Levy, Ifat and Fuhrmann, Galit and Malach, Rafael},
  journal={science},
  volume={303},
  number={5664},
  pages={1634--1640},
  year={2004},
  publisher={American Association for the Advancement of Science}
}

@article{bijsterbosch2018relationship,
  title={The relationship between spatial configuration and functional connectivity of brain regions},
  author={Bijsterbosch, Janine Diane and Woolrich, Mark W and Glasser, Matthew F and Robinson, Emma C and Beckmann, Christian F and Van Essen, David C and Harrison, Samuel J and Smith, Stephen M},
  journal={Elife},
  volume={7},
  pages={e32992},
  year={2018},
  publisher={eLife Sciences Publications Limited}
}


@article{smith2004advances,
  title={Advances in functional and structural MR image analysis and implementation as FSL},
  author={Smith, Stephen M and Jenkinson, Mark and Woolrich, Mark W and Beckmann, Christian F and Behrens, Timothy EJ and Johansen-Berg, Heidi and Bannister, Peter R and De Luca, Marilena and Drobnjak, Ivana and Flitney, David E and others},
  journal={Neuroimage},
  volume={23},
  pages={S208--S219},
  year={2004},
  publisher={Elsevier}
}

@article{beckmann2005tensorial,
  title={Tensorial extensions of independent component analysis for multisubject FMRI analysis},
  author={Beckmann, Christian F and Smith, Stephen M},
  journal={Neuroimage},
  volume={25},
  number={1},
  pages={294--311},
  year={2005},
  publisher={Elsevier}
}

@article{calhoun2001method,
  title={A method for making group inferences from functional MRI data using independent component analysis},
  author={Calhoun, Vince D and Adali, Tulay and Pearlson, Godfrey D and Pekar, James J},
  journal={Human brain mapping},
  volume={14},
  number={3},
  pages={140--151},
  year={2001},
  publisher={Wiley Online Library}
}

@article{varoquaux2010group,
  title={A group model for stable multi-subject ICA on fMRI datasets},
  author={Varoquaux, Ga{\"e}l and Sadaghiani, Sepideh and Pinel, Philippe and Kleinschmidt, Andreas and Poline, Jean-Baptiste and Thirion, Bertrand},
  journal={Neuroimage},
  volume={51},
  number={1},
  pages={288--299},
  year={2010},
  publisher={Elsevier}
}

@article{richard2018optimizing,
  title={Optimizing deep video representation to match brain activity},
  author={Richard, Hugo and Pinho, Ana and Thirion, Bertrand and Charpiat, Guillaume},
  journal={arXiv preprint arXiv:1809.02440},
  year={2018}
}

@article{calhoun2002different,
  title={Different activation dynamics in multiple neural systems during simulated driving},
  author={Calhoun, Vince D and Pekar, James J and McGinty, Vince B and Adali, Tulay and Watson, Todd D and Pearlson, Godfrey D},
  journal={Human brain mapping},
  volume={16},
  number={3},
  pages={158--167},
  year={2002},
  publisher={Wiley Online Library}
}

@article{huth2012continuous,
  title={A continuous semantic space describes the representation of thousands of object and action categories across the human brain},
  author={Huth, Alexander G and Nishimoto, Shinji and Vu, An T and Gallant, Jack L},
  journal={Neuron},
  volume={76},
  number={6},
  pages={1210--1224},
  year={2012},
  publisher={Elsevier}
}

@article{haxby2011common,
	  title={A common, high-dimensional model of the representational space in human ventral temporal cortex},
	    author={Haxby, James V and Guntupalli, J Swaroop and Connolly, Andrew C and Halchenko, Yaroslav O and Conroy, Bryan R and Gobbini, M Ida and Hanke, Michael and Ramadge, Peter J},
	      journal={Neuron},
	        volume={72},
		  number={2},
		    pages={404--416},
		      year={2011},
		        publisher={Elsevier}
			}


@article{mckeown1998analysis,
  title={Analysis of fMRI data by blind separation into independent spatial components},
  author={McKeown, Martin J and Makeig, Scott and Brown, Greg G and Jung, Tzyy-Ping and Kindermann, Sandra S and Bell, Anthony J and Sejnowski, Terrence J},
  journal={Human brain mapping},
  volume={6},
  number={3},
  pages={160--188},
  year={1998},
  publisher={Wiley Online Library}
}

@inproceedings{DBLP:conf/ipmi/BazeilleRJT19,
  author    = {Thomas Bazeille and
               H. Richard and
               Hicham Janati and
               Bertrand Thirion},
  title     = {Local Optimal Transport for Functional Brain Template Estimation},
  booktitle = {Information Processing in Medical Imaging - 26th International Conference,
               {IPMI} 2019, Hong Kong, China, June 2-7, 2019, Proceedings},
  pages     = {237--248},
  year      = {2019},
  crossref  = {DBLP:conf/ipmi/2019},
  url       = {https://doi.org/10.1007/978-3-030-20351-1\_18},
  doi       = {10.1007/978-3-030-20351-1\_18},
  timestamp = {Wed, 22 May 2019 11:32:48 +0200},
  biburl    = {https://dblp.org/rec/bib/conf/ipmi/BazeilleRJT19},
  bibsource = {dblp computer science bibliography, https://dblp.org}
}

@inproceedings{varoquaux2013cohort,
  title={Cohort-level brain mapping: learning cognitive atoms to single out specialized regions},
  author={Varoquaux, Ga{\"e}l and Schwartz, Yannick and Pinel, Philippe and Thirion, Bertrand},
  booktitle={International Conference on Information Processing in Medical Imaging},
  pages={438--449},
  year={2013},
  organization={Springer}
}

@inproceedings{lashkari2009exploratory,
  title={Exploratory fMRI analysis without spatial normalization},
  author={Lashkari, Danial and Golland, Polina},
  booktitle={International Conference on Information Processing in Medical Imaging},
  pages={398--410},
  year={2009},
  organization={Springer}
}

@article{calhoun2004alcohol,
  title={Alcohol intoxication effects on simulated driving: exploring alcohol-dose effects on brain activation using functional MRI},
  author={Calhoun, Vince D and Pekar, James J and Pearlson, Godfrey D},
  journal={Neuropsychopharmacology},
  volume={29},
  number={11},
  pages={2097},
  year={2004},
  publisher={Nature Publishing Group}
}


@article{xie2017decoding,
  title={Decoding the encoding of functional brain networks: An fMRI classification comparison of non-negative matrix factorization (NMF), independent component analysis (ICA), and sparse coding algorithms},
  author={Xie, Jianwen and Douglas, Pamela K and Wu, Ying Nian and Brody, Arthur L and Anderson, Ariana E},
  journal={Journal of neuroscience methods},
  volume={282},
  pages={81--94},
  year={2017},
  publisher={Elsevier}
}


@article{gucclu2017increasingly,
  title={Increasingly complex representations of natural movies across the dorsal stream are shared between subjects},
  author={G{\"u}{\c{c}}l{\"u}, Umut and van Gerven, Marcel AJ},
  journal={NeuroImage},
  volume={145},
  pages={329--336},
  year={2017},
  publisher={Elsevier}
}

@article{eickenberg2017seeing,
  title={Seeing it all: Convolutional network layers map the function of the human visual system},
  author={Eickenberg, Michael and Gramfort, Alexandre and Varoquaux, Ga{\"e}l and Thirion, Bertrand},
  journal={NeuroImage},
  volume={152},
  pages={184--194},
  year={2017},
  publisher={Elsevier}
}

@article{gucclu2015deep,
  title={Deep neural networks reveal a gradient in the complexity of neural representations across the ventral stream},
  author={G{\"u}{\c{c}}l{\"u}, Umut and van Gerven, Marcel AJ},
  journal={Journal of Neuroscience},
  volume={35},
  number={27},
  pages={10005--10014},
  year={2015},
  publisher={Soc Neuroscience}
}



@article{varoquaux:hal-00812911,
  TITLE = {{Learning and comparing functional connectomes across subjects}},
  AUTHOR = {Varoquaux, Ga{\"e}l and Craddock, R. Cameron},
  URL = {https://hal.inria.fr/hal-00812911},
  JOURNAL = {{NeuroImage}},
  PUBLISHER = {{Elsevier}},
  VOLUME = {80},
  PAGES = {405-415},
  YEAR = {2013},
  MONTH = Oct,
  DOI = {10.1016/j.neuroimage.2013.04.007},
  KEYWORDS = {Functional connectivity},
  PDF = {https://hal.inria.fr/hal-00812911/file/paper.pdf},
  HAL_ID = {hal-00812911},
  HAL_VERSION = {v1},
}

@inproceedings{varoquaux:inria-00588898,
  TITLE = {{Multi-subject dictionary learning to segment an atlas of brain spontaneous activity}},
  AUTHOR = {Varoquaux, Ga{\"e}l and Gramfort, Alexandre and Pedregosa, Fabian and Michel, Vincent and Thirion, Bertrand},
  URL = {https://hal.inria.fr/inria-00588898},
  BOOKTITLE = {{Information Processing in Medical Imaging}},
  ADDRESS = {Kaufbeuren, Germany},
  ORGANIZATION = {{G{\'a}bor Sz{\'e}kely, Horst Hahn}},
  PUBLISHER = {{Springer}},
  SERIES = {Lecture Notes in Computer Science},
  VOLUME = {6801},
  PAGES = {562-573},
  YEAR = {2011},
  MONTH = Jul,
  DOI = {10.1007/978-3-642-22092-0\_46},
  KEYWORDS = {sparse models ; atlas ; resting state ; segmentation},
  PDF = {https://hal.inria.fr/inria-00588898/file/paper.pdf},
  HAL_ID = {inria-00588898},
  HAL_VERSION = {v2},
}



@inproceedings{mensch2016dictionary,
  title={Dictionary learning for massive matrix factorization},
  author={Mensch, Arthur and Mairal, Julien and Thirion, Bertrand and Varoquaux, Ga{\"e}l},
  booktitle={International Conference on Machine Learning},
  pages={1737--1746},
  year={2016}
}

@inproceedings{dohmatob2016learning,
  title={Learning brain regions via large-scale online structured sparse dictionary learning},
  author={Dohmatob, Elvis and Mensch, Arthur and Varoquaux, Gael and Thirion, Bertrand},
  booktitle={Advances in Neural Information Processing Systems},
  pages={4610--4618},
  year={2016}
}

@article{beckmann2004probabilistic,
	  title={Probabilistic independent component analysis for functional magnetic resonance imaging},
	    author={Beckmann, Christian F and Smith, Stephen M},
	      journal={IEEE transactions on medical imaging},
	        volume={23},
		  number={2},
		    pages={137--152},
		      year={2004},
		        publisher={IEEE}
			}

@inproceedings{abraham,
  title={Extracting brain regions from rest fMRI with total-variation constrained dictionary learning},
  author={Abraham, Alexandre and Dohmatob, Elvis and Thirion, Bertrand and Samaras, Dimitris and Varoquaux, Gael},
  booktitle={International Conference on Medical Image Computing and Computer-Assisted Intervention},
  pages={607--615},
  year={2013},
  organization={Springer}
}


@inproceedings{wu2018learning,
  title={Learning a latent manifold of odor representations from neural responses in piriform cortex},
  author={Wu, Anqi and Pashkovski, Stan and Datta, Sandeep R and Pillow, Jonathan W},
  booktitle={Advances in Neural Information Processing Systems},
  pages={5378--5388},
  year={2018}
}

@article{taylor2017cambridge,
  title={The Cambridge Centre for Ageing and Neuroscience (Cam-CAN) data repository: structural and functional MRI, MEG, and cognitive data from a cross-sectional adult lifespan sample},
  author={Taylor, Jason R and Williams, Nitin and Cusack, Rhodri and Auer, Tibor and Shafto, Meredith A and Dixon, Marie and Tyler, Lorraine K and Henson, Richard N and others},
  journal={Neuroimage},
  volume={144},
  pages={262--269},
  year={2017},
  publisher={Elsevier}
}

@article{shafto2014cambridge,
  title={The Cambridge Centre for Ageing and Neuroscience (Cam-CAN) study protocol: a cross-sectional, lifespan, multidisciplinary examination of healthy cognitive ageing},
  author={Shafto, Meredith A and Tyler, Lorraine K and Dixon, Marie and Taylor, Jason R and Rowe, James B and Cusack, Rhodri and Calder, Andrew J and Marslen-Wilson, William D and Duncan, John and Dalgleish, Tim and others},
  journal={BMC neurology},
  volume={14},
  number={1},
  pages={204},
  year={2014},
  publisher={BioMed Central}
}

@article{breiman2001random,
  title={Random forests},
  author={Breiman, Leo},
  journal={Machine learning},
  volume={45},
  number={1},
  pages={5--32},
  year={2001},
  publisher={Springer}
}

@inproceedings{louppe2013understanding,
  title={Understanding variable importances in forests of randomized trees},
  author={Louppe, Gilles and Wehenkel, Louis and Sutera, Antonio and Geurts, Pierre},
  booktitle={Advances in neural information processing systems},
  pages={431--439},
  year={2013}
}


@article{TAYLOR2017262,
	title = "The Cambridge Centre for Ageing and Neuroscience (Cam-CAN) data repository: Structural and functional MRI, MEG, and cognitive data from a cross-sectional adult lifespan sample",
	journal = "NeuroImage",
	volume = "144",
	pages = "262 - 269",
	year = "2017",
	note = "Data Sharing Part II",
	issn = "1053-8119",
	doi = "https://doi.org/10.1016/j.neuroimage.2015.09.018",
	url = "http://www.sciencedirect.com/science/article/pii/S1053811915008150",
	author = "Jason R. Taylor and Nitin Williams and Rhodri Cusack and Tibor Auer and Meredith A. Shafto and Marie Dixon and Lorraine K. Tyler and  Cam-CAN and Richard N. Henson",
	keywords = "Data repository, Brain imaging, Magnetic resonance imaging, Magnetoencephalography, Cognition, Ageing",
	abstract = "This paper describes the data repository for the Cambridge Centre for Ageing and Neuroscience (Cam-CAN) initial study cohort. The Cam-CAN Stage 2 repository contains multi-modal (MRI, MEG, and cognitive-behavioural) data from a large (approximately N=700), cross-sectional adult lifespan (18–87years old) population-based sample. The study is designed to characterise age-related changes in cognition and brain structure and function, and to uncover the neurocognitive mechanisms that support healthy cognitive ageing. The database contains raw and preprocessed structural MRI, functional MRI (active tasks and resting state), and MEG data (active tasks and resting state), as well as derived scores from cognitive behavioural experiments spanning five broad domains (attention, emotion, action, language, and memory), and demographic and neuropsychological data. The dataset thus provides a depth of neurocognitive phenotyping that is currently unparalleled, enabling integrative analyses of age-related changes in brain structure, brain function, and cognition, and providing a testbed for novel analyses of multi-modal neuroimaging data."
	}

@article{sherlock,
	author = {Chen, J. and Leong, Y.C. and Norman, K.A. and Hasson, U.},
	title = {Shared experience, shared memory: a common structure for brain activity during naturalistic recall},
	elocation-id = {035931},
	year = {2016},
	doi = {10.1101/035931},
	publisher = {Cold Spring Harbor Laboratory},
	abstract = {Our daily lives revolve around sharing experiences and memories with others. When different people recount the same events, how similar are their underlying neural representations? In this study, participants viewed a fifty-minute audio-visual movie, then verbally described the events while undergoing functional MRI. These descriptions were completely unguided and highly detailed, lasting for up to forty minutes. As each person spoke, event-specific spatial patterns were reinstated (movie-vs.-recall correlation) in default network, medial temporal, and high-level visual areas; moreover, individual event patterns were highly discriminable and similar between people during recollection (recall-vs.-recall similarity), suggesting the existence of spatially organized memory representations. In posterior medial cortex, medial prefrontal cortex, and angular gyrus, activity patterns during recall were more similar between people than to patterns elicited by the movie, indicating systematic reshaping of percept into memory across individuals. These results reveal striking similarity in how neural activity underlying real-life memories is organized and transformed in the brains of different people as they speak spontaneously about past events.},
	URL = {https://www.biorxiv.org/content/early/2016/01/05/035931},
	eprint = {https://www.biorxiv.org/content/early/2016/01/05/035931.full.pdf},
	journal = {bioRxiv}
}

@article{abraham2014machine,
  title={Machine learning for neuroimaging with scikit-learn},
  author={Abraham, Alexandre and Pedregosa, Fabian and Eickenberg, Michael and Gervais, Philippe and Mueller, Andreas and Kossaifi, Jean and Gramfort, Alexandre and Thirion, Bertrand and Varoquaux, Ga{\"e}l},
  journal={Frontiers in neuroinformatics},
  volume={8},
  pages={14},
  year={2014},
  publisher={Frontiers}
}

@inproceedings{chen2015reduced,
  title={A reduced-dimension fMRI shared response model},
  author={Chen, Po-Hsuan Cameron and Chen, Janice and Yeshurun, Yaara and Hasson, Uri and Haxby, James and Ramadge, Peter J},
  booktitle={Advances in Neural Information Processing Systems},
  pages={460--468},
  year={2015}
}

@inproceedings{turek2018capturing,
  title={Capturing Shared and Individual Information in fMRI Data},
  author={Turek, Javier S and Ellis, Cameron T and Skalaban, Lena J and Turk-Browne, Nicholas B and Willke, Theodore L},
  booktitle={2018 IEEE International Conference on Acoustics, Speech and Signal Processing (ICASSP)},
  pages={826--830},
  year={2018},
  organization={IEEE}
}

@inproceedings{mairal2009online,
  title={Online dictionary learning for sparse coding},
  author={Mairal, Julien and Bach, Francis and Ponce, Jean and Sapiro, Guillermo},
  booktitle={Proceedings of the 26th annual international conference on machine learning},
  pages={689--696},
  year={2009},
  organization={ACM}
}

@article{fischl2012freesurfer,
  title={FreeSurfer},
  author={Fischl, Bruce},
  journal={Neuroimage},
  volume={62},
  number={2},
  pages={774--781},
  year={2012},
  publisher={Elsevier}
}

@article{schaefer2017local,
  title={Local-global parcellation of the human cerebral cortex from intrinsic functional connectivity MRI},
  author={Schaefer, Alexander and Kong, Ru and Gordon, Evan M and Laumann, Timothy O and Zuo, Xi-Nian and Holmes, Avram J and Eickhoff, Simon B and Yeo, BT Thomas},
  journal={Cerebral Cortex},
  volume={28},
  number={9},
  pages={3095--3114},
  year={2017},
  publisher={Oxford University Press}
}


@article{bellec2010multi,
  title={Multi-level bootstrap analysis of stable clusters in resting-state fMRI},
  author={Bellec, Pierre and Rosa-Neto, Pedro and Lyttelton, Oliver C and Benali, Habib and Evans, Alan C},
  journal={Neuroimage},
  volume={51},
  number={3},
  pages={1126--1139},
  year={2010},
  publisher={Elsevier}
}


@article{mensch2018extracting,
  title={Extracting Universal Representations of Cognition across Brain-Imaging Studies},
  author={Mensch, Arthur and Mairal, Julien and Thirion, Bertrand and Varoquaux, Ga{\"e}l},
  journal={arXiv preprint arXiv:1809.06035},
  year={2018}
}

@article{chen2017shared,
  title={Shared memories reveal shared structure in neural activity across individuals},
  author={Chen, Janice and Leong, Yuan Chang and Honey, Christopher J and Yong, Chung H and Norman, Kenneth A and Hasson, Uri},
  journal={Nature neuroscience},
  volume={20},
  number={1},
  pages={115},
  year={2017},
  publisher={Nature Publishing Group}
}

@article{vodrahalli2018mapping,
  title={Mapping between fMRI responses to movies and their natural language annotations},
  author={Vodrahalli, Kiran and Chen, Po-Hsuan and Liang, Yingyu and Baldassano, Christopher and Chen, Janice and Yong, Esther and Honey, Christopher and Hasson, Uri and Ramadge, Peter and Norman, Kenneth A and others},
  journal={Neuroimage},
  volume={180},
  pages={223--231},
  year={2018},
  publisher={Elsevier}
}


@article{brett2002problem,
  title={The problem of functional localization in the human brain},
  author={Brett, Matthew and Johnsrude, Ingrid S and Owen, Adrian M},
  journal={Nature reviews neuroscience},
  volume={3},
  number={3},
  pages={243},
  year={2002},
  publisher={Nature Publishing Group}
}

@article{pinho2018individual,
  title={Individual Brain Charting, a high-resolution fMRI dataset for cognitive mapping},
  author={Pinho, Ana Lu{\'i}sa and Amadon, Alexis and Ruest, Torsten and Fabre, Murielle and Dohmatob, Elvis and Denghien, Isabelle and Ginisty, Chantal and Becuwe-Desmidt, S{\'e}verine and Roger, S{\'e}verine and Laurier, Laurence and others},
  journal={Scientific data},
  volume={5},
  year={2018},
  publisher={Nature Publishing Group}
}

@article{gorgolewski2015neurovault,
  title={NeuroVault. org: a web-based repository for collecting and sharing unthresholded statistical maps of the human brain},
  author={Gorgolewski, Krzysztof J and Varoquaux, Gael and Rivera, Gabriel and Schwarz, Yannick and Ghosh, Satrajit S and Maumet, Camille and Sochat, Vanessa V and Nichols, Thomas E and Poldrack, Russell A and Poline, Jean-Baptiste and others},
  journal={Frontiers in neuroinformatics},
  volume={9},
  pages={8},
  year={2015},
  publisher={Frontiers}
}

@inproceedings{anderson2016enabling,
  title={Enabling factor analysis on thousand-subject neuroimaging datasets},
  author={Anderson, Michael J and Capota, Mihai and Turek, Javier S and Zhu, Xia and Willke, Theodore L and Wang, Yida and Chen, Po-Hsuan and Manning, Jeremy R and Ramadge, Peter J and Norman, Kenneth A},
  booktitle={2016 IEEE International Conference on Big Data (Big Data)},
  pages={1151--1160},
  year={2016},
  organization={IEEE}
}

@inproceedings{turek2017semi,
  title={A semi-supervised method for multi-subject fMRI functional alignment},
  author={Turek, Javier S and Willke, Theodore L and Chen, Po-Hsuan and Ramadge, Peter J},
  booktitle={2017 IEEE International Conference on Acoustics, Speech and Signal Processing (ICASSP)},
  pages={1098--1102},
  year={2017},
  organization={IEEE}
}


@misc{brainiak,
  title = {Brain Imaging Analysis Kit},
  url = {http://brainiak.org.},
}

@article{ibc,
	  title={Individual Brain Charting, a high-resolution fMRI dataset for cognitive mapping},
	    author={Pinho, Ana Lu{\'i}sa and Amadon, Alexis and Ruest, Torsten and Fabre, Murielle and Dohmatob, Elvis and Denghien, Isabelle and Ginisty, Chantal and Becuwe-Desmidt, S{\'e}verine and Roger, S{\'e}verine and Laurier, Laurence and others},
	      journal={Scientific data},
	        volume={5},
		  year={2018},
		    publisher={Nature Publishing Group}
		    }


@inproceedings{varoquaux2011multi,
  title={Multi-subject dictionary learning to segment an atlas of brain spontaneous activity},
  author={Varoquaux, Ga{\"e}l and Gramfort, Alexandre and Pedregosa, Fabian and Michel, Vincent and Thirion, Bertrand},
  booktitle={Biennial International Conference on Information Processing in Medical Imaging},
  pages={562--573},
  year={2011},
  organization={Springer}
}

@article{spacenet,
author = {Dohmatob, Elvis and Eickenberg, Michael and Thirion, Bertrand and Varoquaux, Gael},
year = {2015},
month = {06},
pages = {},
title = {SpaceNet: Multivariate brain decoding and segmentation}
}

@article{beck2009mfista,
  title={Fast gradient-based algorithms for constrained total variation image denoising and deblurring problems},
  author={Beck, Amir and Teboulle, Marc},
  journal={IEEE Transactions on Image Processing},
  volume={18},
  number={11},
  pages={2419--2434},
  year={2009},
  publisher={IEEE}
}

@article{beck2009ista,
  title={A fast iterative shrinkage-thresholding algorithm for linear inverse problems},
  author={Beck, Amir and Teboulle, Marc},
  journal={SIAM journal on imaging sciences},
  volume={2},
  number={1},
  pages={183--202},
  year={2009},
  publisher={SIAM}
}

@article{becker2011templates,
  title={Templates for convex cone problems with applications to sparse signal recovery},
  author={Becker, Stephen R and Cand{\`e}s, Emmanuel J and Grant, Michael C},
  journal={Mathematical programming computation},
  volume={3},
  number={3},
  pages={165},
  year={2011},
  publisher={Springer}
}

@article{nishimoto2011reconstructing,
  title={Reconstructing visual experiences from brain activity evoked by natural movies},
  author={Nishimoto, S. and Vu, A.T. and Naselaris, T. and Benjamini, Y. and Yu, B. and Gallant, J. L},
  journal={Current Biology},
  volume={21},
  number={19},
  pages={1641--1646},
  year={2011},
  publisher={Elsevier}
}

@article{hanke2014high,
  title={A high-resolution 7-Tesla fMRI dataset from complex natural stimulation with an audio movie},
  author={Hanke, Michael and Baumgartner, Florian J and Ibe, Pierre and Kaule, Falko R and Pollmann, Stefan and Speck, Oliver and Zinke, Wolf and Stadler, J{\"o}rg},
  journal={Scientific data},
  volume={1},
  pages={140003},
  year={2014},
  publisher={Nature Publishing Group}
}

@article{poldrack2013toward,
  title={Toward open sharing of task-based fMRI data: the OpenfMRI project},
  author={Poldrack, Russell A and Barch, Deanna M and Mitchell, Jason and Wager, Tor and Wagner, Anthony D and Devlin, Joseph T and Cumba, Chad and Koyejo, Oluwasanmi and Milham, Michael},
  journal={Frontiers in neuroinformatics},
  volume={7},
  pages={12},
  year={2013},
  publisher={Frontiers}
}

@article{pedregosa2011scikit,
  title={Scikit-learn: Machine learning in Python},
  author={Pedregosa, Fabian and Varoquaux, Ga{\"e}l and Gramfort, Alexandre and Michel, Vincent and Thirion, Bertrand and Grisel, Olivier and Blondel, Mathieu and Prettenhofer, Peter and Weiss, Ron and Dubourg, Vincent and others},
  journal={Journal of machine learning research},
  volume={12},
  number={Oct},
  pages={2825--2830},
  year={2011}
}

@inproceedings{mensch2016compressed,
  title={Compressed online dictionary learning for fast resting-state fMRI decomposition},
  author={Mensch, Arthur and Varoquaux, Ga{\"e}l and Thirion, Bertrand},
  booktitle={Biomedical Imaging (ISBI), 2016 IEEE 13th International Symposium on},
  pages={1282--1285},
  year={2016},
  organization={IEEE}
}

@article{guntupalli2016model,
  title={A model of representational spaces in human cortex},
  author={Guntupalli, J Swaroop and Hanke, Michael and Halchenko, Yaroslav O and Connolly, Andrew C and Ramadge, Peter J and Haxby, James V},
  journal={Cerebral cortex},
  volume={26},
  number={6},
  pages={2919--2934},
  year={2016},
  publisher={Oxford University Press}
}

@article{shvartsman2017matrix,
  title={Matrix-normal models for fMRI analysis},
  author={Shvartsman, Michael and Sundaram, Narayanan and Aoi, Mikio C and Charles, Adam and Wilke, Theodore C and Cohen, Jonathan D},
  journal={arXiv preprint arXiv:1711.03058},
  year={2017}
}

@article{manning2014topographic,
  title={Topographic factor analysis: a Bayesian model for inferring brain networks from neural data},
  author={Manning, Jeremy R and Ranganath, Rajesh and Norman, Kenneth A and Blei, David M},
  journal={PloS one},
  volume={9},
  number={5},
  pages={e94914},
  year={2014},
  publisher={Public Library of Science}
}

@article{chen2016convolutional,
  title={A convolutional autoencoder for multi-subject fMRI data aggregation},
  author={Chen, Po-Hsuan and Zhu, Xia and Zhang, Hejia and Turek, Javier S and Chen, Janice and Willke, Theodore L and Hasson, Uri and Ramadge, Peter J},
  journal={arXiv preprint arXiv:1608.04846},
  year={2016}
}

@article{halko2009finding,
  title={Finding structure with randomness: Stochastic algorithms for constructing approximate matrix decompositions},
  author={Halko, Nathan and Martinsson, Per-Gunnar and Tropp, Joel A},
  year={2009},
  publisher={California Institute of Technology}
}

@article{scikitlearn,
 title={Scikit-learn: Machine Learning in {P}ython},
 author={Pedregosa, F. and Varoquaux, G. and Gramfort, A. and Michel, V.
         and Thirion, B. and Grisel, O. and Blondel, M. and Prettenhofer, P.
         and Weiss, R. and Dubourg, V. and Vanderplas, J. and Passos, A. and
         Cournapeau, D. and Brucher, M. and Perrot, M. and Duchesnay, E.},
 journal={Journal of Machine Learning Research},
 volume={12},
 pages={2825--2830},
 year={2011}
}


@article{poline2012general,
  title={The general linear model and fMRI: does love last forever?},
  author={Poline, Jean-Baptiste and Brett, Matthew},
  journal={Neuroimage},
  volume={62},
  number={2},
  pages={871--880},
  year={2012},
  publisher={Elsevier}
}
@inproceedings{denning1968thrashing,
  title={Thrashing: Its causes and prevention},
  author={Denning, Peter J},
  booktitle={Proceedings of the December 9-11, 1968, fall joint computer conference, part I},
  pages={915--922},
  year={1968}
}
@article{hoyos2018recursive,
  title={Recursive nearest agglomeration (ReNA): fast clustering for approximation of structured signals},
  author={Hoyos-Idrobo, Andr{\'e}s and Varoquaux, Ga{\"e}l and Kahn, Jonas and Thirion, Bertrand},
  journal={IEEE transactions on pattern analysis and machine intelligence},
  volume={41},
  number={3},
  pages={669--681},
  year={2018},
  publisher={IEEE}
}
@article{mitchell2004learning,
  title={Learning to decode cognitive states from brain images},
  author={Mitchell, Tom M and Hutchinson, Rebecca and Niculescu, Radu S and Pereira, Francisco and Wang, Xuerui and Just, Marcel and Newman, Sharlene},
  journal={Machine learning},
  volume={57},
  number={1-2},
  pages={145--175},
  year={2004},
  publisher={Springer}
}

@article{belliveau_functional_1990,
	title = {Functional cerebral imaging by susceptibility-contrast {NMR}},
	volume = {14},
	number = {3},
	journal = {Magnetic Resonance in Medicine},
	author = {Belliveau, John W. and Rosen, Bruce R. and Kantor, Howard L. and Rzedzian, Richard R. and Kennedy, David N. and McKinstry, Robert C. and Vevea, James M. and Cohen, Mark S. and Pykett, Ian L. and Brady, Thomas J.},
	year = {1990},
	pages = {538--546},
}

@article{kwong_dynamic_1992,
	title = {Dynamic magnetic resonance imaging of human brain activity during primary sensory stimulation.},
	volume = {89},
	number = {12},
	journal = {Proceedings of the National Academy of Sciences},
	author = {Kwong, K. K. and Belliveau, J. W. and Chesler, D. A. and Goldberg, I. E. and Weisskoff, R. M. and Poncelet, B. P. and Kennedy, D. N. and Hoppel, B. E. and Cohen, M. S. and Turner, R.},
	year = {1992},
	pages = {5675--5679},
}

@article{ogawa_brain_1990,
	title = {Brain magnetic resonance imaging with contrast dependent on blood oxygenation.},
	volume = {87},
	number = {24},
	journal = {Proceedings of the National Academy of Sciences},
	author = {Ogawa, S. and Lee, T. M. and Kay, A. R. and Tank, D. W.},
	year = {1990},
	pages = {9868--9872},
}

@article{bullmore_functional_1996,
	title = {Functional {Magnetic} {Resonance} {Image} {Analysis} of a {Large}-{Scale} {Neurocognitive} {Network}},
	volume = {4},
	number = {1},
	journal = {NeuroImage},
	author = {Bullmore, E. T. and Rabe-Hesketh, S. and Morris, R. G. and Williams, S. C. R. and Gregory, L. and Gray, J. A. and Brammer, M. J.},
	year = {1996},
	pages = {16--33},
}

@article{friston_functional_1993,
	title = {Functional {Connectivity}: {The} {Principal}-{Component} {Analysis} of {Large} ({PET}) {Data} {Sets}},
	volume = {13},
	shorttitle = {Functional {Connectivity}},
	number = {1},
	journal = {Journal of Cerebral Blood Flow \& Metabolism},
	author = {Friston, K. J. and Frith, C. D. and Liddle, P. F. and Frackowiak, R. S. J.},
	year = {1993},
	pages = {5--14},
}

@article{belliveau1991functional,
  title={Functional mapping of the human visual cortex by magnetic resonance imaging},
  author={Belliveau, JW and Kennedy, DN and McKinstry, RC and Buchbinder, BR and Weisskoff, RMt and Cohen, MS and Vevea, JM and Brady, TJ and Rosen, BR},
  journal={Science},
  volume={254},
  number={5032},
  pages={716--719},
  year={1991},
  publisher={American Association for the Advancement of Science}
}

@article{friston1995characterizing,
  title={Characterizing dynamic brain responses with fMRI: a multivariate approach},
  author={Friston, Karl J and Frith, Christopher D and Frackowiak, RS and Turner, Robert and others},
  journal={Neuroimage},
  volume={2},
  number={2},
  pages={166--172},
  year={1995}
}

@article{friston1995analysis,
  title={Analysis of fMRI time-series revisited},
  author={Friston, Karl J and Holmes, Andrew P and Poline, JB and Grasby, PJ and Williams, SCR and Frackowiak, Richard SJ and Turner, Robert},
  journal={Neuroimage},
  volume={2},
  number={1},
  pages={45--53},
  year={1995},
  publisher={Elsevier}
}

@article{mckeown_analysis_1998,
	title = {Analysis of {fMRI} data by blind separation into independent spatial components},
	volume = {6},
	copyright = {Copyright © 1998 Wiley‐Liss, Inc.},
	number = {3},
	journal = {Human Brain Mapping},
	author = {Mckeown, Martin J. and Makeig, Scott and Brown, Greg G. and Jung, Tzyy-Ping and Kindermann, Sandra S. and Bell, Anthony J. and Sejnowski, Terrence J.},
	year = {1998},
	pages = {160--188},
}

@article{bell_information-maximization_1995,
	title = {An information-maximization approach to blind separation and blind deconvolution},
	journal = {Neural Computation},
	author = {Bell, Anthony J. and Sejnowski, Terrence J.},
	year = {1995},
	pages = {1159},
}

@article{hyvarinen_fast_1999,
	title = {Fast and robust fixed-point algorithms for independent component analysis},
	volume = {10},
	number = {3},
	journal = {Ieee Trans. Neural Netw},
	author = {Hyvärinen, Aapo},
	year = {1999},
	pages = {626--634},
}

@article{loula_decoding_2018,
	title = {Decoding {fMRI} activity in the time domain improves classification performance},
	volume = {180},
	journal = {NeuroImage},
	author = {Loula, João and Varoquaux, Gaël and Thirion, Bertrand},
	year = {2018},
	pages = {203--210},
}

@article{shirer_decoding_2012,
	title = {Decoding {Subject}-{Driven} {Cognitive} {States} with {Whole}-{Brain} {Connectivity} {Patterns}},
	volume = {22},
	number = {1},
	journal = {Cerebral Cortex (New York, NY)},
	author = {Shirer, W. R. and Ryali, S. and Rykhlevskaia, E. and Menon, V. and Greicius, M. D.},
	year = {2012},
	pages = {158--165},
}

@article{jang_task-specific_2017,
	title = {Task-specific feature extraction and classification of {fMRI} volumes using a deep neural network initialized with a deep belief network: {Evaluation} using sensorimotor tasks},
	volume = {145},
	shorttitle = {Task-specific feature extraction and classification of {fMRI} volumes using a deep neural network initialized with a deep belief network},
	number = {Pt B},
	journal = {NeuroImage},
	author = {Jang, Hojin and Plis, Sergey M. and Calhoun, Vince D. and Lee, Jong-Hwan},
	year = {2017},
	pages = {314--328},
}

@article{lapuschkin_unmasking_2019,
	title = {Unmasking {Clever} {Hans} predictors and assessing what machines really learn},
	volume = {10},
	copyright = {2019 The Author(s)},
	number = {1},
	journal = {Nature Communications},
	author = {Lapuschkin, Sebastian and Wäldchen, Stephan and Binder, Alexander and Montavon, Grégoire and Samek, Wojciech and Müller, Klaus-Robert},
	year = {2019},
	pages = {1096},
}

@inproceedings{goodfellow2014generative,
  title={Generative adversarial nets},
  author={Goodfellow, Ian and Pouget-Abadie, Jean and Mirza, Mehdi and Xu, Bing and Warde-Farley, David and Ozair, Sherjil and Courville, Aaron and Bengio, Yoshua},
  booktitle={Advances in neural information processing systems},
  pages={2672--2680},
  year={2014}
}

@article{varoquaux_how_2014,
	title = {How machine learning is shaping cognitive neuroimaging},
	volume = {3},
	journal = {GigaScience},
	author = {Varoquaux, Gael and Thirion, Bertrand},
	year = {2014},
	pages = {28},
}

@article{gulrajani2017improved,
  title={Improved training of wasserstein gans},
  author={Gulrajani, Ishaan and Ahmed, Faruk and Arjovsky, Martin and Dumoulin, Vincent and Courville, Aaron C},
  journal={Advances in neural information processing systems},
  volume={30},
  pages={5767--5777},
  year={2017}
}

@article{arjovsky_wasserstein_2017,
	title = {Wasserstein {GAN}},
	journal = {arXiv:1701.07875 [cs, stat]},
	author = {Arjovsky, Martin and Chintala, Soumith and Bottou, Léon},
	year = {2017},
}

@article{mirza2014conditional,
  title={Conditional generative adversarial nets},
  author={Mirza, Mehdi and Osindero, Simon},
  journal={arXiv preprint arXiv:1411.1784},
  year={2014}
}

@inproceedings{zhuang2019fmri,
  title={Fmri data augmentation via synthesis},
  author={Zhuang, Peiye and Schwing, Alexander G and Koyejo, Oluwasanmi},
  booktitle={2019 IEEE 16th International Symposium on Biomedical Imaging (ISBI 2019)},
  pages={1783--1787},
  year={2019},
  organization={IEEE}
}

@article{pedregosa2011scikit,
  title={Scikit-learn: {Machine} learning in {Python}},
  author={Pedregosa, Fabian and Varoquaux, Ga{\"e}l and Gramfort, Alexandre and Michel, Vincent and Thirion, Bertrand and Grisel, Olivier and Blondel, Mathieu and Prettenhofer, Peter and Weiss, Ron and Dubourg, Vincent and others},
  journal={the Journal of machine Learning research},
  volume={12},
  pages={2825--2830},
  year={2011},
  publisher={JMLR. org}
}
@article{abraham_machine_2014,
	title = {Machine learning for neuroimaging with scikit-learn},
	volume = {8},
	journal = {Frontiers in Neuroinformatics},
	author = {Abraham, Alexandre and Pedregosa, Fabian and Eickenberg, Michael and Gervais, Philippe and Mueller, Andreas and Kossaifi, Jean and Gramfort, Alexandre and Thirion, Bertrand and Varoquaux, Gael},
	year = {2014},
}

@article{dadi_fine-grain_2020,
  title={Fine-grain atlases of functional modes for fMRI analysis},
  author={Dadi, Kamalaker and Varoquaux, Ga{\"e}l and Machlouzarides-Shalit, Antonia and Gorgolewski, Krzysztof J and Wassermann, Demian and Thirion, Bertrand and Mensch, Arthur},
  journal={NeuroImage},
  volume={221},
  pages={117126},
  year={2020},
  publisher={Elsevier}
}

@article{laconte_support_2005,
	title = {Support vector machines for temporal classification of block design {fMRI} data},
	volume = {26},
	number = {2},
	journal = {NeuroImage},
	author = {LaConte, Stephen and Strother, Stephen and Cherkassky, Vladimir and Anderson, Jon and Hu, Xiaoping},
	year = {2005},
	pages = {317--329},
}

@inproceedings{mensch2017learning,
  title={Learning neural representations of human cognition across many fMRI studies},
  author={Mensch, Arthur and Mairal, Julien and Bzdok, Danilo and Thirion, Bertrand and Varoquaux, Ga{\"e}l},
  booktitle={Advances in neural information processing systems},
  pages={5883--5893},
  year={2017}
}

@article{van2013wu,
  title={The WU-Minn human connectome project: an overview},
  author={Van Essen, David C and Smith, Stephen M and Barch, Deanna M and Behrens, Timothy EJ and Yacoub, Essa and Ugurbil, Kamil and Wu-Minn HCP Consortium and others},
  journal={Neuroimage},
  volume={80},
  pages={62--79},
  year={2013},
  publisher={Elsevier}
}

@article{gorgolewski2015neurovault,
  title={NeuroVault. org: a web-based repository for collecting and sharing unthresholded statistical maps of the human brain},
  author={Gorgolewski, Krzysztof J and Varoquaux, Gael and Rivera, Gabriel and Schwarz, Yannick and Ghosh, Satrajit S and Maumet, Camille and Sochat, Vanessa V and Nichols, Thomas E and Poldrack, Russell A and Poline, Jean-Baptiste and others},
  journal={Frontiers in neuroinformatics},
  volume={9},
  pages={8},
  year={2015},
  publisher={Frontiers}
}

@article{pinel2007fast,
  title={Fast reproducible identification and large-scale databasing of individual functional cognitive networks},
  author={Pinel, Philippe and Thirion, Bertrand and Meriaux, S{\'e}bastien and Jobert, Antoinette and Serres, Julien and Le Bihan, Denis and Poline, Jean-Baptiste and Dehaene, Stanislas},
  journal={BMC neuroscience},
  volume={8},
  number={1},
  pages={91},
  year={2007},
  publisher={Springer}
}

@article{pinel2013genetic,
  title={Genetic and environmental contributions to brain activation during calculation},
  author={Pinel, Philippe and Dehaene, Stanislas},
  journal={Neuroimage},
  volume={81},
  pages={306--316},
  year={2013},
  publisher={Elsevier}
}

@article{orfanos2017brainomics,
  title={The brainomics/localizer database},
  author={Orfanos, Dimitri Papadopoulos and Michel, Vincent and Schwartz, Yannick and Pinel, Philippe and Moreno, Antonio and Le Bihan, Denis and Frouin, Vincent},
  journal={Neuroimage},
  volume={144},
  pages={309--314},
  year={2017},
  publisher={Elsevier}
}

@article{shafto2014cambridge,
  title={The Cambridge Centre for Ageing and Neuroscience (Cam-CAN) study protocol: a cross-sectional, lifespan, multidisciplinary examination of healthy cognitive ageing},
  author={Shafto, Meredith A and Tyler, Lorraine K and Dixon, Marie and Taylor, Jason R and Rowe, James B and Cusack, Rhodri and Calder, Andrew J and Marslen-Wilson, William D and Duncan, John and Dalgleish, Tim and others},
  journal={BMC neurology},
  volume={14},
  number={1},
  pages={204},
  year={2014},
  publisher={Springer}
}

@article{pinel2019functional,
  title={The functional database of the ARCHI project: Potential and perspectives},
  author={Pinel, Philippe and d’Arc, Baudouin Forgeot and Dehaene, Stanislas and Bourgeron, Thomas and Thirion, Bertrand and Le Bihan, Denis and Poupon, Cyril},
  journal={NeuroImage},
  volume={197},
  pages={527--543},
  year={2019},
  publisher={Elsevier}
}

@article{poldrack2016phenome,
  title={A phenome-wide examination of neural and cognitive function},
  author={Poldrack, Russell A and Congdon, Eliza and Triplett, William and Gorgolewski, KJ and Karlsgodt, KH and Mumford, JA and Sabb, FW and Freimer, NB and London, ED and Cannon, TD and others},
  journal={Scientific data},
  volume={3},
  number={1},
  pages={1--12},
  year={2016},
  publisher={Nature Publishing Group}
}

@article{kingma2014adam,
  title={Adam: A method for stochastic optimization},
  author={Kingma, Diederik P and Ba, Jimmy},
  journal={arXiv preprint arXiv:1412.6980},
  year={2014}
}

@article{xiao2008limited,
  title={A limited memory BFGS-type method for large-scale unconstrained optimization},
  author={Xiao, Yunhai and Wei, Zengxin and Wang, Zhiguo},
  journal={Computers \& Mathematics with Applications},
  volume={56},
  number={4},
  pages={1001--1009},
  year={2008},
  publisher={Elsevier}
}

@article{ledoit2004well,
  title={A well-conditioned estimator for large-dimensional covariance matrices},
  author={Ledoit, Olivier and Wolf, Michael},
  journal={Journal of multivariate analysis},
  volume={88},
  number={2},
  pages={365--411},
  year={2004},
  publisher={Elsevier}
}

@article{biswal1999blind,
  title={Blind source separation of multiple signal sources of fMRI data sets using independent component analysis},
  author={Biswal, Bharat B and Ulmer, John L},
  journal={Journal of computer assisted tomography},
  volume={23},
  number={2},
  pages={265--271},
  year={1999},
  publisher={LWW}
}

@article{schulz2019deep,
  title={Deep learning for brains?: Different linear and nonlinear scaling in UK Biobank brain images vs. machine-learning datasets},
  author={Schulz, Marc-Andre and Yeo, Thomas and Vogelstein, Joshua and Mourao-Miranada, Janaina and Kather, Jakob and Kording, Konrad and Richards, Blake A and Bzdok, Danilo},
  journal={BioRxiv},
  pages={757054},
  year={2019},
  publisher={Cold Spring Harbor Laboratory}
}
@article{rezende2015variational,
  title={Variational inference with normalizing flows},
  author={Rezende, Danilo Jimenez and Mohamed, Shakir},
  journal={arXiv preprint arXiv:1505.05770},
  year={2015}
}

@article{kingma2013auto,
  title={Auto-encoding variational bayes},
  author={Kingma, Diederik P and Welling, Max},
  journal={arXiv preprint arXiv:1312.6114},
  year={2013}
}

@inproceedings{bzdok2015,
  TITLE = {{Semi-Supervised Factored Logistic Regression for High-Dimensional Neuroimaging Data}},
  AUTHOR = {Bzdok, Danilo and Eickenberg, Michael and Grisel, Olivier and Thirion, Bertrand and Varoquaux, Ga{\"e}l},
  URL = {https://hal.archives-ouvertes.fr/hal-01211248},
  BOOKTITLE = {{NIPS'15: 28th International Conference on Neural Information Processing Systems}},
  ADDRESS = {Montreal, Canada},
  YEAR = {2015},
  MONTH = Dec,
  KEYWORDS = {Semi-Supervised Learning ; Brain Imaging ; Cognitive Science ; Systems Biology},
  PDF = {https://hal.archives-ouvertes.fr/hal-01211248/file/paper.pdf},
  HAL_ID = {hal-01211248},
  HAL_VERSION = {v1},
}

@article{Kobyzev2020,
   title={Normalizing Flows: An Introduction and Review of Current Methods},
   ISSN={1939-3539},
   url={http://dx.doi.org/10.1109/TPAMI.2020.2992934},
   DOI={10.1109/tpami.2020.2992934},
   journal={IEEE Transactions on Pattern Analysis and Machine Intelligence},
   publisher={Institute of Electrical and Electronics Engineers (IEEE)},
   author={Kobyzev, Ivan and Prince, Simon and Brubaker, Marcus},
   year={2020},
   pages={1–1}
}

@article{guo2008predicting,
  title={Predicting the brain response to treatment using a Bayesian hierarchical model with application to a study of schizophrenia},
  author={Guo, Ying and DuBois Bowman, F and Kilts, Clinton},
  journal={Human brain mapping},
  volume={29},
  number={9},
  pages={1092--1109},
  year={2008},
  publisher={Wiley Online Library}
}

@article{michel2011multiclass,
  title={Multiclass sparse Bayesian regression for fMRI-based prediction},
  author={Michel, Vincent and Eger, Evelyn and Keribin, Christine and Thirion, Bertrand},
  journal={International journal of biomedical imaging},
  volume={2011},
  year={2011},
  publisher={Hindawi}
}

@article{van2010efficient,
  title={Efficient Bayesian multivariate fMRI analysis using a sparsifying spatio-temporal prior},
  author={Van Gerven, Marcel AJ and Cseke, Botond and De Lange, Floris P and Heskes, Tom},
  journal={NeuroImage},
  volume={50},
  number={1},
  pages={150--161},
  year={2010},
  publisher={Elsevier}
}

@inproceedings{hussain2017differential,
  title={Differential data augmentation techniques for medical imaging classification tasks},
  author={Hussain, Zeshan and Gimenez, Francisco and Yi, Darvin and Rubin, Daniel},
  booktitle={AMIA Annual Symposium Proceedings},
  volume={2017},
  pages={979},
  year={2017},
  organization={American Medical Informatics Association}
}

@article{shorten2019survey,
  title={A survey on image data augmentation for deep learning},
  author={Shorten, Connor and Khoshgoftaar, Taghi M},
  journal={Journal of Big Data},
  volume={6},
  number={1},
  pages={1--48},
  year={2019},
  publisher={Springer}
}

@article{eslami2019asd,
  title={ASD-DiagNet: a hybrid learning approach for detection of autism spectrum disorder using fMRI data},
  author={Eslami, Taban and Mirjalili, Vahid and Fong, Alvis and Laird, Angela R and Saeed, Fahad},
  journal={Frontiers in neuroinformatics},
  volume={13},
  pages={70},
  year={2019},
  publisher={Frontiers}
}

@inproceedings{eslami2019auto,
  title={Auto-ASD-network: a technique based on deep learning and support vector machines for diagnosing autism spectrum disorder using fMRI data},
  author={Eslami, Taban and Saeed, Fahad},
  booktitle={Proceedings of the 10th ACM International Conference on Bioinformatics, Computational Biology and Health Informatics},
  pages={646--651},
  year={2019}
}

@article{mao2019spatio,
  title={Spatio-temporal deep learning method for adhd fmri classification},
  author={Mao, Zhenyu and Su, Yi and Xu, Guangquan and Wang, Xueping and Huang, Yu and Yue, Weihua and Sun, Li and Xiong, Naixue},
  journal={Information Sciences},
  volume={499},
  pages={1--11},
  year={2019},
  publisher={Elsevier}
}

@inproceedings{dvornek2017identifying,
  title={Identifying autism from resting-state fMRI using long short-term memory networks},
  author={Dvornek, Nicha C and Ventola, Pamela and Pelphrey, Kevin A and Duncan, James S},
  booktitle={International Workshop on Machine Learning in Medical Imaging},
  pages={362--370},
  year={2017},
  organization={Springer}
}


@article{harris2020array,
  title={Array programming with NumPy},
  author={Harris, Charles R and Millman, K Jarrod and van der Walt, St{\'e}fan J and Gommers, Ralf and Virtanen, Pauli and Cournapeau, David and Wieser, Eric and Taylor, Julian and Berg, Sebastian and Smith, Nathaniel J and others},
  journal={Nature},
  volume={585},
  number={7825},
  pages={357--362},
  year={2020},
  publisher={Nature Publishing Group}
}

@ARTICLE{2020SciPy-NMeth,
  author  = {Virtanen, Pauli and Gommers, Ralf and Oliphant, Travis E. and
            Haberland, Matt and Reddy, Tyler and Cournapeau, David and
            Burovski, Evgeni and Peterson, Pearu and Weckesser, Warren and
            Bright, Jonathan and {van der Walt}, St{\'e}fan J. and
            Brett, Matthew and Wilson, Joshua and Millman, K. Jarrod and
            Mayorov, Nikolay and Nelson, Andrew R. J. and Jones, Eric and
            Kern, Robert and Larson, Eric and Carey, C J and
            Polat, {\.I}lhan and Feng, Yu and Moore, Eric W. and
            {VanderPlas}, Jake and Laxalde, Denis and Perktold, Josef and
            Cimrman, Robert and Henriksen, Ian and Quintero, E. A. and
            Harris, Charles R. and Archibald, Anne M. and
            Ribeiro, Ant{\^o}nio H. and Pedregosa, Fabian and
            {van Mulbregt}, Paul and {SciPy 1.0 Contributors}},
  title   = {{{SciPy} 1.0: Fundamental Algorithms for Scientific
            Computing in Python}},
  journal = {Nature Methods},
  year    = {2020},
  volume  = {17},
  pages   = {261--272},
  adsurl  = {https://rdcu.be/b08Wh},
  doi     = {10.1038/s41592-019-0686-2},
}

@inproceedings{bzdok2015semi,
  title={Semi-supervised factored logistic regression for high-dimensional neuroimaging data},
  author={Bzdok, Danilo and Eickenberg, Michael and Grisel, Olivier and Thirion, Bertrand and Varoquaux, Ga{\"e}l},
  booktitle={NIPS'15: 28th International Conference on Neural Information Processing Systems},
  year={2015}
}
@article{sandfort2019data,
  title={Data augmentation using generative adversarial networks (CycleGAN) to improve generalizability in CT segmentation tasks},
  author={Sandfort, Veit and Yan, Ke and Pickhardt, Perry J and Summers, Ronald M},
  journal={Scientific reports},
  volume={9},
  number={1},
  pages={1--9},
  year={2019},
  publisher={Nature Publishing Group}
}
@article{antoniou2017data,
  title={Data augmentation generative adversarial networks},
  author={Antoniou, Antreas and Storkey, Amos and Edwards, Harrison},
  journal={arXiv preprint arXiv:1711.04340},
  year={2017}
}
@article{mahoney2016lecture,
  title={Lecture notes on randomized linear algebra},
  author={Mahoney, Michael W},
  journal={arXiv preprint arXiv:1608.04481},
  year={2016}
}
@article{hyvarinen1998independent,
  title={Independent component analysis by general nonlinear Hebbian-like learning rules},
  author={Hyv{\"a}rinen, Aapo and Oja, Erkki},
  journal={signal processing},
  volume={64},
  number={3},
  pages={301--313},
  year={1998},
  publisher={Elsevier}
}
@article{tripathi1999matrix,
  title={A matrix extension of the Cauchy-Schwarz inequality},
  author={Tripathi, Gautam},
  journal={Economics Letters},
  volume={63},
  number={1},
  pages={1--3},
  year={1999},
  publisher={Elsevier}
}
@inproceedings{stein1956inadmissibility,
  title={Inadmissibility of the Usual Estimator for the Mean of a Multivariate Normal Distribution},
  author={Stein, Charles and others},
  booktitle={Proceedings of the Third Berkeley Symposium on Mathematical Statistics and Probability, Volume 1: Contributions to the Theory of Statistics},
  year={1956},
  organization={The Regents of the University of California}
}
@book{boyd2004convex,
  title={Convex optimization},
  author={Boyd, Stephen and Boyd, Stephen P and Vandenberghe, Lieven},
  year={2004},
  publisher={Cambridge university press}
}
@article{ogawa1990brain,
  title={Brain magnetic resonance imaging with contrast dependent on blood oxygenation},
  author={Ogawa, Seiji and Lee, Tso-Ming and Kay, Alan R and Tank, David W},
  journal={proceedings of the National Academy of Sciences},
  volume={87},
  number={24},
  pages={9868--9872},
  year={1990},
  publisher={National Acad Sciences}
}
@book{poldrack2011handbook,
  title={Handbook of functional MRI data analysis},
  author={Poldrack, Russell A and Mumford, Jeanette A and Nichols, Thomas E},
  year={2011},
  publisher={Cambridge University Press}
}
